3596 5610
236 127 295 189 aad
855 129 1106 193 ioannes
1236 185 1239 194 .

208 273 209 278 κ
275 232 950 318 toAritissxxiicaourrensisAquitanos,
1005 239 1064 300 42
1086 236 1218 298 fasciculi
1239 250 1339 297 rerum
1362 235 1587 314 expetendarum
1598 254 1626 316 p.
1648 238 1699 298 454
1784 309 1785 312 ¹

238 336 327 390 antea
352 329 479 390 lacobus
496 328 534 389 de
555 330 647 404 Eusa,
675 336 814 411 corrupte
842 333 951 404 444444,
1005 337 1037 392 44
1053 328 1205 409 Theophili
1223 327 1378 406 liaynsudi
1393 327 1517 406 Operat.
1529 329 1580 390 lili
1596 345 1622 406 p.
1639 330 1699 391 432.
1784 391 1785 396 ,

235 423 322 490 Ossa,
333 421 404 496 Ona,
421 422 530 498 Densa,
546 423 658 484 sutoris
669 425 700 484 F.
712 441 751 484 ex
768 423 952 486 cadurcensi
1050 420 1219 486 10441438
1236 421 1334 492 xxiii
1352 425 1438 480 antea
1450 419 1699 494 Baithasarcossa,
1784 455 1785 488 ,

236 516 382 595 Episcopo
406 515 482 594 Papa
499 517 526 591 a)
543 516 580 578 ab
606 515 641 578 A.
667 517 755 578 4346.
773 517 901 596 August.
923 516 952 578 7.
1006 515 1230 594 Neapolitanus,
1263 515 1350 594 Papa,
1380 513 1416 574 ah
1435 512 1470 573 A.
1491 513 1565 574 4440
1587 513 1647 591 liaj.
1665 513 1700 575 87

236 608 274 670 ad
290 607 325 668 A.
343 608 421 670 4334
438 610 508 670 Deo.
525 609 552 669 4.
570 611 669 672 Vitam
684 608 752 687 ejus
764 609 849 671 dedit
866 610 953 672 Balu·
1009 626 1108 688 usque
1127 608 1166 671 ad
1187 606 1222 670 A.
1241 609 1405 671 4445144.
1421 605 1523 668 42444
1540 608 1567 666 in
1584 606 1701 667 coneilio

240 703 306 763 zius
323 702 352 760 in
370 702 458 780 Papis
482 701 850 767 Avenioneosihustom.l
881 705 955 765 scri-
1007 702 1230 764 constantiensi
1256 699 1387 763 schisma
1405 697 1441 760 de
1460 695 1556 760 tribuae
1575 695 1725 760 04441444,
1784 719 1785 770 ς

234 802 316 874 ptam
332 811 349 855 a
366 795 482 856 Joanue
497 795 648 858 canonico
665 797 694 859 S.
713 798 840 858 Victoris
859 795 969 859 Paris'
1008 794 1058 856 tic
1076 795 1265 865 extinctum,
1286 800 1318 855 et
1337 792 1481 854 iohannis
1499 791 1618 870 depositi
1642 791 1698 852 loco

234 905 299 968 pag.
319 889 377 950 444
395 905 412 949 4
429 888 582 950 Bernardo
597 887 743 952 cuidonis
756 907 821 971 pag.
836 890 904 952 434.
919 897 951 951 44
1006 889 1152 950 Martinus
1171 887 1205 949 V.
1227 887 1343 948 electus
1363 886 1426 948 init.
1458 884 1532 946 Vide
1560 883 1699 946 historiam

234 981 303 1043 463.
317 999 335 1042 4
350 983 466 1043 4144444
485 981 615 1059 quodam
640 990 782 1044 coetaneo
812 1001 878 1064 pag.
897 983 954 1046 470
1009 979 1077 1058 ejus
1107 981 1253 1059 scriptam
1276 995 1293 1041 4
1314 976 1465 1040 Theodoro
1484 977 1523 1038 de
1545 977 1623 1038 ilioni
1653 977 1703 1038 444.

234 1075 272 1138 ab
292 1081 415 1138 auctore
434 1074 608 1154 appendicis
621 1075 659 1138 ad
677 1077 879 1140 Ptolemaeum
898 1080 957 1139 Lu·
1010 1075 1088 1136 1620
1111 1074 1139 1134 4.
1159 1071 1248 1134 Bnllrr
1270 1068 1485 1134 oonaooahonis
1506 1067 1702 1132 conectere
1784 1103 1785 1112 2

235 1185 358 1232 oensem
373 1186 439 1249 pag.
455 1167 523 1230 474.
540 1185 558 1230 4
575 1170 644 1232 Petr
661 1170 698 1232 do
713 1172 879 1248 Hersntals,
897 1174 953 1235 ca·
1008 1165 1179 1228 4444444414
1209 1173 1241 1228 44
1272 1164 1395 1246 8444444
1415 1163 1450 1224 de
1469 1159 1626 1224 4344444414
1652 1163 1701 1222 Pa
1783 1229 1785 1256 A

235 1264 343 1323 nonioo
363 1264 651 1324 Prasmonstratensi
669 1271 700 1324 44
724 1265 823 1326 Priore
845 1265 956 1326 Floret·
1005 1264 1091 1340 pam,
1111 1261 1232 1340 saepius
1251 1258 1331 1320 edita
1353 1260 1383 1318 44
1404 1258 1486 1318 Actis
1505 1255 1621 1319 concilii
1635 1256 1702 1316 con-

237 1355 324 1418 44444
340 1372 407 1435 pag.
426 1356 478 1417 484
500 1355 880 1437 etahAmalriooAugerii,
894 1359 955 1418 Pri·
1011 1355 1198 1428 manliensis,
1219 1355 1299 1415 sicut
1319 1359 1351 1412 et
1370 1352 1456 1431 plura
1475 1349 1540 1427 ejus
1559 1347 1709 1434 diplomata¹

236 1465 288 1510 cre
305 1449 460 1510 hilariae
476 1448 515 1509 de
533 1449 680 1528 Aspirano
701 1467 768 1529 pag.
786 1451 853 1512 486.
870 1448 954 1511 Arii·
1009 1450 1038 1508 in
1059 1448 1218 1510 clarissimi
1250 1447 1411 1508 hermanni
1431 1444 1468 1506 ab
1489 1441 1579 1506 ilardt
1597 1449 1663 1502 tom.
1682 1443 1701 1502 l.

238 1540 301 1603 oali
315 1547 421 1616 444444
435 1541 595 1604 Monachus
611 1541 747 1622 prodiere
765 1544 853 1606 Basil.
876 1545 954 1606 4585
1008 1547 1093 1620 parte
1114 1541 1153 1604 22
1174 1547 1246 1602 torn.
1269 1541 1295 1600 ll
1315 1544 1400 1618 parte
1422 1538 1440 1598 9
1460 1543 1493 1598 44
1512 1539 1547 1599 40
1572 1542 1642 1596 tom.
1660 1532 1703 1593 ill.

239 1637 268 1696 8.
285 1637 450 1714 Responsio
465 1635 503 1698 ad
519 1634 690 1697 dir'ohoclem
706 1635 742 1698 de
760 1637 955 1700 044444444-
1006 1651 1073 1714 pag.
1096 1635 1134 1697 45
1155 1635 1193 1697 40
1215 1637 1247 1696 54
1275 1635 1313 1696 53
1335 1633 1392 1694 402
1414 1632 1470 1693 444
1490 1631 1547 1693 249
1574 1631 1624 1692 224
1649 1627 1701 1690 222

218 1739 292 1806 ’444
307 1730 425 1806 proprio
451 1729 499 1790 vel
529 1730 649 1808 speciali
676 1731 725 1792 vol
750 1732 902 1794 communi
925 1733 953 1792 in
979 1755 981 1762 ·
1009 1727 1067 1790 224
1085 1727 1154 1790 259.
1173 1727 1286 1790 44441
1306 1743 1371 1805 pag.
1395 1725 1451 1788 462
1471 1723 1593 1784 4444414
1613 1721 1704 1801 pagt
1751 1787 1754 1792 ‚

240 1821 318 1884 iacta
331 1823 487 1898 llinorum,
499 1823 559 1885 448.
570 1825 600 1883 44
616 1823 689 1886 Bibl.
703 1823 813 1886 Bodlci.
825 1826 956 1888 Damna·
1009 1818 1165 1882 normata
1177 1838 1235 1902 pro
1251 1836 1309 1882 suo
1325 1815 1493 1880 reouritote.
1514 1817 1592 1877 Tam.
1609 1815 1631 1875 41
1645 1829 1703 1892 pag.

239 1915 281 1994 tio
301 1913 435 1976 diascilii
448 1913 484 1976 de
499 1913 605 1980 Podna
624 1924 656 1980 et
681 1918 807 1978 ioannis
826 1917 862 1980 cle
881 1920 956 1980 ian·
1012 1915 1079 1978 462.
1101 1917 1145 1976 De
1168 1915 1236 1995 iuga
1253 1915 1320 1991 ejus
1341 1918 1412 1972 tom.
1434 1911 1471 1972 lli
1491 1925 1554 1988 pag.
1570 1907 1605 1968 59
1620 1905 1657 1966 67
1670 1906 1703 1966 83

111 2023 115 2032 ·
239 2005 318 2068 dono
334 2008 414 2088 apud
438 2011 475 2072 44.
497 2009 663 2072 Antonium
680 2009 718 2072 de
736 2012 870 2074 Dominis
892 2014 953 2075 Vll.
1011 2023 1179 2087 suspensus
1199 2024 1217 2068 4
1237 2009 1350 2085 Papatu
1370 2021 1435 2084 pag.
1458 2003 1513 2065 483
1537 2001 1594 2062 228
1622 1999 1702 2077 depo

239 2100 269 2162 7.
283 2101 310 2162 7.
329 2101 367 2165 do
384 2104 454 2182 444.
472 2103 646 2165 Ecclesiast.
669 2103 728 2166 Sed
752 2105 792 2166 de
819 2105 956 2191 pluribus
1012 2104 1090 2163 situs
1112 2117 1179 2181 pag.
1200 2101 1259 2163 236
1280 2099 1349 2160 292.
1371 2098 1454 2159 Aliae
1473 2091 1617 2174 1444444144
1634 2090 1704 2171 4444

238 2193 318 2256 iliius
335 2193 485 2276 84144414,
503 2194 776 2273 Constitutionidns,
798 2198 957 2260 canava-
1011 2196 1154 2256 Bzovium
1171 2201 1207 2260 ,44
1227 2190 1422 2270 haynaldnm.
1454 2189 1571 2250 Librum
1596 2181 1705 2264 ejusde

237 2286 388 2365 44441444,
405 2286 599 2352 sermonibus
615 2288 651 2350 de
669 2292 702 2350 3.
722 2291 840 2370 Virpine
857 2292 956 2355 lihclio
1010 2288 1158 2360 varietate
1177 2283 1329 2368 fortunae,
1350 2286 1481 2346 carmine
1500 2283 1637 2359 scriptum
1654 2293 1706 2336 me·

241 2379 278 2442 de
305 2386 451 2442 4441444444
467 2381 581 2457 4144414,
598 2400 654 2444 444
681 2401 740 2445 444
757 2385 793 2446 de
812 2391 880 2446 arte
899 2401 959 2446 nae
1011 2389 1107 2444 morat
1124 2381 1336 2444 Ludiacobus
1347 2381 1417 2459 pag.
1433 2377 1497 2439 440.
1513 2371 1598 2434 Bulla
1613 2375 1704 2431 contro

244 2473 385 2536 tolleman
402 2475 662 2552 hammotomria,
680 2477 801 2538 videndi
821 2476 895 2540 444.
909 2481 958 2540 14-
1015 2471 1172 2555 Wiolefum
1194 2475 1273 2534 inter
1293 2472 1337 2533 lo.
1355 2471 1596 2547 cersonisnpera
1610 2464 1706 2524 tomll

241 2568 335 2630 cobus
352 2574 383 2629 44
401 2570 433 2630 ll.
450 2567 646 2646 Warthonus,
663 2570 828 2649 appendice
845 2570 882 2632 ad
904 2573 959 2634 ca·
1013 2568 1084 2630 edit.
1106 2585 1203 2629 novae
1222 2585 1289 2647 pag.
1310 2567 1379 2627 645.
1399 2562 1521 2624 Articuli
1543 2559 1626 2620 Lxx.
1645 2572 1706 2617 con-

243 2679 345 2723 veum.
374 2661 450 2740 Ejus
475 2663 586 2736 4441444,
603 2663 754 2742 Epistolas
780 2671 812 2726 44
832 2667 957 2728 Decreta
1015 2668 1062 2723 tra
1082 2679 1151 2723 eum
1164 2661 1253 2723 etalii
1275 2659 1335 2721 LlV
1349 2659 1380 2718 in
1397 2653 1507 2718 laudati
1522 2649 1626 2715 ilardtii
1646 2655 1709 2709 tom.

245 2768 383 2827 ccccxxi.
415 2755 518 2817 ordine
539 2757 685 2835 temporis
705 2755 839 2836 digessit,
861 2766 892 2820 et
913 2760 963 2823 ubi
1018 2755 1145 2834 leag.
1165 2753 1222 2817 196
1242 2754 1301 2814 230
1323 2752 1382 2812 238
1402 2751 1468 2812 253.

243 2847 361 2927 singula
375 2853 499 2910 exstent
532 2851 688 2911 annotavit
707 2852 739 2911 3.
772 2859 875 2913 noster
898 2853 965 2914 Ste-
1057 2837 1706 2919 40444884444441114444444444441-

243 2935 397 3021 phorstius
409 2942 543 3004 t.3hist.
557 2943 672 3004 Eccles.
687 2945 922 3026 Hamhurgensis
936 2965 963 3026 p.
989 2940 992 2946 '
1059 2942 1229 3005 lOANNES
1245 2936 1347 3001 Abdas
1367 2939 1445 2999 circa
1464 2935 1518 2995 An.
1540 2929 1611 2994 4070
1632 2925 1709 3003 cujus

244 3033 386 3097 442-474.
411 3035 485 3096 Vide
509 3041 540 3096 et
560 3037 673 3098 Baiuzii
695 3039 777 3106 Aliso.
797 3045 871 3100 tnui.
893 3041 921 3102 4.
935 3057 963 3120 p.
1018 3036 1172 3115 prologum
1184 3034 1221 3096 ad
1233 3033 1458 3113 imperatricem
1471 3025 1588 3088 viduam
1605 3020 1708 3084 henrici
1780 3040 1785 3050 ·

245 3129 304 3191 465
328 3130 385 3191 495
402 3136 522 3190 ettam.
542 3131 560 3190 6
578 3145 643 3210 pag.
663 3131 721 3192 445
738 3138 770 3192 44
787 3139 858 3194 torn.
876 3134 895 3196 2
912 3136 966 3195 Pa·
1019 3130 1210 3209 imperatoris
1230 3129 1260 3187 in
1283 3123 1412 3188 libellum
1429 3135 1550 3204 precam
1566 3115 1709 3178 variarum

245 3237 352 3299 parum
369 3223 572 3284 Avenionens.
591 3240 657 3304 pag.
677 3225 736 3286 298
755 3226 814 3288 305
831 3227 890 3288 303
904 3228 962 3289 339
1018 3221 1054 3286 de
1074 3220 1236 3301 4444414414
1257 3223 1284 3280 44
1304 3215 1405 3282 verbis
1426 3217 1548 3276 Patrem
1563 3211 1705 3272 collectum
1734 3233 1740 3246 ·

245 3315 297 3376 344
328 3316 388 3378 368
416 3314 475 3377 sat
503 3318 561 3378 388
579 3318 632 3378 394
657 3319 716 3379 398
739 3321 796 3382 402
825 3321 882 3383 435
905 3321 962 3382 439
1018 3319 1048 3376 44
1070 3333 1174 3377 eorum
1195 3315 1372 3395 praesertim
1395 3310 1622 3372 Christianorum
1641 3300 1710 3362 4444-
1757 3311 1760 3319 ·

245 3408 303 3468 476
318 3409 375 3470 lic
392 3409 451 3471 547
463 3411 521 3472 548
539 3411 596 3474 556
612 3413 769 3474 Sermones
784 3421 886 3476 autem
904 3413 963 3477 duo
1018 3417 1112 3471 tatem
1129 3411 1181 3488 qui
1201 3406 1453 3486 contemplat-ivae
1471 3402 1548 3462 vitae
1564 3403 1710 3459 santame-

246 3502 318 3563 hlSti
352 3503 569 3582 cantabrigiae,
603 3522 732 3582 quorum
756 3508 873 3568 initium
895 3515 961 3570 est:
1017 3510 1107 3578 tores,
1130 3487 1224 3563 edidit
1245 3500 1431 3563 mabillonius
1451 3503 1521 3556 torn.
1543 3497 1570 3555 4.
1590 3487 1707 3550 Analeal·

246 3595 417 3658 Mementote
444 3613 567 3678 4444444
591 3599 716 3658 Petrum
732 3614 810 3676 qnae
825 3597 963 3679 fecerunt
1017 3614 1083 3676 pag.
1102 3595 1172 3657 433.
1195 3594 1276 3672 (edit.
1298 3610 1394 3655 novae
1426 3607 1491 3670 pag.
1512 3588 1577 3659 420)
1601 3581 1710 3659 subjun-

219 3745 221 3752 ,
246 3689 278 3750 in
295 3689 537 3768 generationibus
568 3689 651 3766 surh,
682 3689 814 3770 produnt
833 3694 957 3752 loannis
1018 3690 1076 3750 ctis
1096 3691 1186 3749 etiam
1209 3704 1247 3749 ex
1271 3687 1368 3750 libello
1389 3686 1452 3764 ipso
1473 3677 1711 3776 speciminibusnet

247 3783 538 3861 hujussententiam
564 3782 600 3844 de
621 3783 734 3846 vasione
752 3781 888 3863 beatifica
908 3802 962 3846 sen
1016 3783 1187 3861 excerptis,
1208 3789 1240 3842 ct
1259 3799 1298 3842 cx
1319 3779 1415 3842 libello
1446 3777 1537 3837 altero
1558 3771 1592 3833 de
1614 3767 1708 3828 chum

244 3875 361 3958 sociali,
382 3895 441 3957 qua
461 3880 579 3940 animas
599 3877 778 3940 Sanctorum
795 3878 966 3941 44441444-
989 3935 991 3944 ,
1018 3873 1267 3956 contemplatione.

247 3975 328 4036 cium
349 3977 524 4035 extremum
544 3972 601 4032 irui
626 3976 674 4032 est
699 3972 857 4035 inficiatus.
880 3975 963 4036 lllam
1059 3969 1228 4032 lOANNES
1246 3965 1350 4029 Adbas
1371 3967 1401 4028 S.
1422 3961 1537 4026 Arnulti
1554 3959 1632 4058 idetis
1649 3949 1710 4012 040.

247 4070 430 4130 sententiam
451 4085 468 4129 a
489 4063 687 4130 ccicccito‘
707 4067 815 4129 coeam
840 4069 966 4146 aliisque
1021 4059 1131 4122 Bened.
1143 4063 1271 4139 scriptor
1290 4052 1502 4119 Vimeioannir
1518 4047 1635 4112 Addam
1649 4041 1710 4102 car·

189 4219 191 4224 .
248 4163 444 4237 confutatam,
458 4161 568 4222 deinde
584 4163 672 4222 morti
688 4163 807 4223 vicinus
824 4168 968 4223 retracta·
1021 4151 1140 4230 4144414,
1161 4153 1299 4216 44962
1320 4153 1351 4211 44
1371 4149 1454 4211 Actis
1471 4147 1601 4208 Sanctor.
1619 4135 1709 4237 44443

249 4258 303 4317 vit.
320 4272 397 4336 quae
415 4257 586 4317 retractatio
603 4262 704 4323 exstat
719 4255 799 4335 apud
811 4256 967 4316 Beluzium
1022 4245 1104 4306 Febr·
1120 4246 1159 4308 27
1172 4263 1238 4326 pag·
1256 4244 1388 4306 59⁰·7l5
1404 4259 1472 4305 oum
1489 4239 1566 4299 ¹1⁰il⁸
1582 4226 1709 4295 ³⁰¹¹³⁰d¹²

250 4358 321 4412 torn.
341 4355 353 4413 4
376 4353 480 4430 Paper.
498 4349 702 4410 Avenionens.
720 4365 785 4426 pag.
805 4349 873 4408 483.
893 4349 970 4409 cou—
1022 4348 1054 4401 et
1074 4341 1104 4399 in
1126 4341 1282 4402 hlabillonii
1304 4337 1367 4399 Sec.
1390 4337 1423 4397 V.
1443 4331 1591 4395 Benedici.
1611 4321 1711 4404 pilii·

251 4444 294 4502 ier
316 4447 345 4505 S.
367 4445 510 4506 Antonini
533 4444 690 4505 Summam
719 4444 793 4502 ilist.
821 4444 867 4500 tit.
900 4443 967 4502 XX.
1024 4433 1107 4494 idem
1129 4435 1255 4512 scriptor
1275 4439 1343 4511 post
1363 4431 1398 4492 A.
1419 4429 1487 4488 964.
1510 4423 1587 4486 Vitae
1602 4421 1714 4480 ernon

250 4551 277 4595 0·
298 4535 317 4594 7
339 4537 355 4615 5
384 4541 422 4599 45
440 4545 511 4598 tom.
530 4539 548 4599 3
576 4551 642 4615 pag.
669 4535 737 4596 333.
758 4533 813 4594 Ed.
836 4537 967 4596 Brownii
1026 4525 1161 4592 elationes
1181 4525 1308 4607 duplicia
1329 4525 1359 4588 S.
1383 4517 1563 4583 clodesindis
1583 4509 1711 4590 Virginis,

1025 4637 1103 4700 quae
1124 4619 1308 4701 temporibus
1329 4617 1485 4680 childerici
1505 4601 1714 4675 4444444608

1025 4715 1153 4778 traditur
1173 4715 1327 4777 claruisse.
1356 4715 1464 4774 444444
1483 4706 1559 4788 apud
1581 4699 1713 4764 Lahheun

1026 4825 1098 4879 tom.
1114 4821 1126 4879 1
1146 4814 1217 4875 3444.
1240 4825 1336 4870 novae
1359 4809 1439 4871 MSS.
1456 4823 1520 4886 pag.
1544 4799 1599 4862 720
1618 4791 1670 4856 740
1688 4793 1714 4847 44

293 4663 318 4724 a)
335 4667 666 4748 condeiogetporo'nnloe
680 4667 737 4719 nlde
748 4669 873 4719 caminici
890 4668 978 4718 deco·

249 4771 317 4822 ionia
332 4773 392 4824 hist.
409 4773 548 4826 literarium
558 4775 750 4840 Lugdunensem
763 4782 823 4828 tom.
836 4777 852 4826 2
871 4787 895 4838 p.
917 4773 973 4826 554.

251 4861 306 4911 444.
