3608 5604
250 75 312 138 ssa
445 49 448 56 ’
809 81 1181 150 4444444444

244 185 284 244 mi
306 183 504 244 blcntiauooni
522 199 588 262 pag.
613 184 682 248 439.
715 186 796 248 4464
826 189 957 251 44444644
1054 189 1684 273 nncusnslllstlooarboas,sopnlntlet
1765 239 1766 284 3

245 279 347 339 Lazari
367 275 527 353 Augustini
554 277 684 356 cottae,
714 280 859 359 capucini
891 299 961 342 sen·
1014 281 1094 362 lilim
1115 289 1144 344 et
1163 282 1386 346 Mediolanensi.

242 373 336 431 tentia
357 371 408 448 qui
431 369 512 430 bunc
534 385 704 432 sermonem
722 373 824 434 recudi
842 375 962 436 curavit
1054 375 1686 457 LAUliENTlUSDscanusl’ielacieasis,cu·
1765 333 1766 366 r

240 461 394 524 Mediolani
410 463 487 523 4693
499 463 526 522 4.
537 469 569 524 44
582 463 619 524 ad
629 465 743 526 calcem
758 468 851 527 blusei
864 467 961 528 Nova·
1010 469 1062 550 ius
1077 470 1225 531 nescioau
1241 469 1400 548 quicquam
1417 476 1548 548 superest
1561 472 1686 552 nisiplm

242 557 350 616 riensis
372 554 527 616 blediolan.
551 558 564 618 4
571 555 639 617 704.
661 556 699 617 441
721 575 791 619 curn
813 560 892 620 notis
911 559 961 621 lc·
1014 567 1081 624 ctus
1102 579 1192 640 quem
1210 563 1330 641 scripsit
1346 561 1469 642 Capituli
1486 564 1528 622 sni
1541 570 1570 622 et
1583 565 1687 626 canoni·

242 648 326 726 sephi
349 648 522 726 Hieronymi
545 650 707 726 Semenzi,
728 650 784 712 hoc
806 653 909 714 titulo·
932 655 959 730 4)
1013 673 1117 718 corum
1134 657 1254 716 nomiae
1268 657 1300 714 in
1318 655 1422 716 iuuere
1442 651 1591 715 cisleberti
1603 657 1688 718 44444

245 741 277 801 6·
300 741 459 801 Laurentii
477 740 520 800 ad
549 743 693 816 Puteum,
728 741 904 825 Presbyteri
933 751 962 807 44
1015 748 1082 809 tani
1108 750 1246 828 Episcopi
1273 747 1481 822 pictaviensis,
1512 746 1632 809 44444444
1651 767 1687 810 44.

241 833 404 912 llartpris,
427 833 658 895 Novariensiam
689 833 839 915 Apostoli,
870 856 961 918 4444·
1015 844 1103 904 4464.
1122 842 1223 903 Edidit
1244 840 1374 900 loannes
1400 839 1488 918 besly
1511 841 1571 900 sive
1594 841 1689 902 beslius

243 931 340 984 mento
359 924 488 986 blelliilui
513 925 645 986 Humilia
660 925 696 987 de
714 927 893 1008 Charonea,
908 949 961 993 au·
1014 935 1044 994 in
1065 951 1153 1012 opere
1174 933 1212 994 de
1231 933 1386 1012 Episcopis
1406 933 1625 994 Pictaviensibus
1638 935 1690 993 Gal·

242 1025 422 1096 claramque
443 1019 600 1078 contendit
621 1022 837 1097 Laurentium,
869 1025 959 1100 blagi-
1014 1028 1071 1089 lice
1091 1027 1171 1087 edito
1193 1027 1284 1087 Paris.
1306 1023 1392 1087 4647.
1414 1027 1441 1084 4.
1457 1043 1519 1104 pag.
1541 1027 1601 1087 403.

240 1115 339 1170 strum
361 1109 519 1171 Gaudentii
538 1113 626 1188 primi
644 1114 871 1176 Novariensium
888 1117 960 1194 Epi-
1053 1117 1070 1154 ¹
1091 1119 1332 1180 clauserius
1352 1117 1388 1178 de
1408 1117 1562 1198 4444444444
1579 1121 1645 1180 civis
1667 1124 1691 1178 et

241 1205 393 1280 scopi,et
413 1203 578 1280 Martyrem
600 1223 650 1265 an.
685 1207 753 1268 363.
783 1207 832 1268 30.
864 1206 958 1288 April.
1013 1209 1188 1274 Advocatus
1209 1212 1398 1272 Florentinus
1419 1229 1465 1272 en.
1488 1211 1570 1271 4440.
1595 1212 1692 1271 Floren-

238 1295 277 1356 de
300 1313 361 1375 quo
384 1295 458 1358 Acta
481 1297 620 1359 Senator.
642 1305 714 1360 tom.
747 1300 775 1359 3.
805 1298 900 1380 hpril.
931 1319 960 1380 p.
1013 1305 1072 1364 tiae
1107 1306 1265 1383 professor.
1301 1304 1425 1382 Scripsit
1461 1305 1620 1364 4444444444
1653 1299 1693 1362 uli

242 1389 311 1451 763.
334 1405 398 1468 seq.
418 1389 510 1451 Certa
535 1393 617 1452 enim
641 1392 727 1470 longa
759 1403 956 1455 recentiorem
1011 1393 1186 1478 formantur
1206 1397 1398 1477 septacpiuta
1413 1399 1591 1477 quaestiones
1603 1395 1692 1476 priori

240 1499 308 1544 4444
329 1489 469 1560 oportet,
491 1487 541 1566 qui
564 1487 814 1564 chrysostomum
837 1505 961 1568 expres·
1008 1487 1096 1570 pales
1119 1489 1150 1550 in
1163 1489 1294 1551 materia
1314 1485 1502 1550 alienationis
1512 1489 1557 1548 rei
1570 1487 1692 1552 Ecclesia·

242 1579 306 1647 sit,
327 1577 545 1651 Laurentium,
576 1577 665 1656 cujus
687 1575 764 1639 liber
783 1577 819 1640 44
838 1579 958 1642 duobus
1012 1582 1112 1644 stioae.
1134 1583 1244 1644 Prodiit
1265 1583 1312 1643 bic
1341 1583 1405 1644 eins
1434 1588 1575 1642 tractatus
1596 1583 1692 1644 Piscina

240 1665 426 1745 temporibus
453 1671 544 1730 etiam
577 1674 752 1750 neutiquam
784 1673 959 1740 intercidit.
1012 1687 1061 1732 an.
1084 1672 1172 1733 4489.
1194 1673 1223 1732 44
1250 1670 1299 1732 444.
1326 1670 1466 1732 Eiusdem
1493 1675 1694 1730 4444444444

240 1765 275 1820 44
296 1761 396 1822 caveo
417 1761 534 1838 visum,
557 1781 656 1842 neque
677 1767 758 1826 enirn
775 1765 855 1826 eliud
872 1783 960 1844 argu·
1014 1763 1110 1825 tineus
1129 1763 1290 1824 materiam
1324 1779 1488 1824 usurarum
1518 1765 1606 1822 Venet.
1626 1761 1694 1823 itit.

240 1858 376 1912 mentum
409 1859 457 1912 cst
478 1854 610 1917 Homilia
627 1856 663 1918 44
682 1856 863 1937 poenitentia
881 1875 959 1936 quae
1008 1873 1067 1938 per
1087 1857 1151 1918 Nic.
1184 1857 1219 1918 de
1255 1853 1376 1919 Colonia
1398 1855 1524 1931 iunctim
1557 1871 1621 1914 curn
1643 1854 1693 1914 aliis

240 1962 310 2006 cum
329 1946 423 2006 444444
440 1944 475 2005 44
492 1945 676 2030 eleemosyna
694 1953 783 2012 toties
801 1952 899 2012 lucem
913 1953 960 2012 vi·
1012 1950 1135 2011 aliomm
1157 1952 1293 2010 ictorum
1314 1947 1466 2027 opusculis
1488 1949 1626 2026 Repetitio
1643 1961 1693 2024 444.

240 2038 284 2099 dit
305 2038 344 2099 ab
364 2055 402 2100 an
436 2040 524 2100 4579.
549 2043 578 2104 44
600 2045 722 2104 Petrum
743 2043 957 2119 bibliothecis,
1011 2040 1076 2102 sine
1097 2041 1271 2120 4444444444
1292 2055 1321 2098 rn
1343 2038 1407 2100 cod.
1429 2039 1498 2100 464.
1516 2038 1575 2099 its.
1590 2039 1694 2098 Felicia·

238 2133 330 2192 etiam
348 2134 514 2194 novissima
531 2135 625 2214 Lugd.
643 2143 664 2196 t.
683 2137 724 2197 lx
742 2155 771 2215 p.
790 2138 856 2198 466.
875 2144 906 2200 44
928 2139 957 2197 44
1012 2149 1060 2194 44.
1081 2135 1123 2194 De
1152 2149 1257 2208 usuros
1277 2137 1307 2193 et
1326 2137 1419 2191 moute
1435 2129 1571 2211 pietatis,
1593 2133 1619 2189 in
1641 2129 1692 2190 cod.

239 2223 367 2286 Novaria
390 2229 588 2288 sacracaroli
610 2229 872 2306 altasilical’atri,
892 2231 963 2309 Epi·
1016 2227 1084 2288 344.
1116 2226 1174 2286 us,
1207 2220 1515 2304 salictono.*(tst.
1545 2223 1586 2284 De
1608 2223 1693 2284 usuris

244 2319 325 2397 scopi
339 2321 541 2399 Nouarieusis,
557 2319 711 2382 blediolan.
730 2323 818 2383 4642.
829 2329 860 2382 44
871 2323 900 2381 44
915 2323 963 2384 Bi·
1014 2333 1082 2380 aum
1103 2323 1191 2379 44444
1222 2317 1258 2378 de
1286 2324 1384 2380 monte
1400 2317 1519 2398 pietatis
1537 2319 1623 2381 huins
1645 2319 1694 2380 eri·

238 2409 960 2478 bliothececoncionatorialranciscicombefisii.
1015 2414 1074 2472 mia
1094 2412 1241 2490 probitate
1261 2417 1292 2473 44
1313 2412 1431 2473 solertia
1452 2413 1481 2473 in
1502 2413 1637 2491 legatione
1666 2409 1694 2471 ad

279 2502 519 2566 LAURENTlUS
535 2505 571 2568 de
585 2507 737 2583 44444444,
756 2509 888 2570 Senatus
903 2511 958 2571 Ve-
1010 2505 1142 2565 Venetos
1161 2505 1274 2565 clariss.
1291 2506 1345 2566 siri
1361 2505 1506 2566 habentur
1521 2507 1549 2565 in
1563 2513 1583 2564 t.
1600 2505 1622 2564 V
1638 2503 1695 2564 Tra

240 2596 301 2654 neti
324 2613 341 2655 4
363 2597 516 2672 Sacratis,
537 2605 569 2660 et
589 2601 716 2679 ilagnus
751 2601 957 2664 cancellarius
1010 2601 1144 2658 statuam
1161 2597 1311 2659 Dicersor.
1326 2595 1484 2659 Mediolani
1492 2599 1574 2660 lats.
1589 2598 1633 2658 iol.
1647 2611 1694 2656 na·

234 2687 328 2765 liegni
349 2689 504 2750 cretensis
515 2693 594 2752 circa
605 2709 654 2753 an.
667 2695 680 2755 4
689 2694 755 2756 449.
769 2695 812 2754 Ex
827 2693 893 2771 ejus
907 2693 958 2755 Hi·
1011 2697 1112 2769 gnost
1124 2692 1152 2750 ln
1168 2707 1231 2769 seq.
1252 2690 1443 2772 amplioribus
1462 2690 1650 2766 editionibus.)

1765 369 1766 416 l

1764 417 1766 468 l

235 2779 348 2841 4444444
372 2782 494 2843 Venetae
514 2783 588 2844 libro
605 2785 685 2845 xlll.
704 2791 898 2865 exscerptum
919 2786 957 2848 de
1053 2783 1697 2862 [4944444474ῦὸ8444444444444144444
1769 2801 1770 2820 ¹

236 2874 366 2935 Ezerino
377 2875 426 2935 lll.
437 2878 488 2953 qui
500 2893 549 2937 an.
563 2877 651 2938 lass.
665 2879 768 2938 vivere
779 2877 878 2954 desiit,
892 2879 958 2940 vul·
1013 2893 1081 2938 mae
1102 2878 1181 2938 44444
1197 2876 1254 2936 An.
1284 2877 1370 2938 4240.
1394 2874 1522 2955 Gregorii
1543 2877 1590 2936 lx.
1612 2877 1695 2936 Diaco-

234 2974 339 3045 gelum
357 2985 374 3027 4
392 2968 489 3028 Felice
505 2968 575 3030 0444
593 2986 661 3031 curn
677 2970 833 3031 hibertino
844 2971 959 3032 444444-
1014 2984 1083 3046 444,
1100 2966 1208 3030 deinde
1223 2967 1395 3029 canonicus
1422 2969 1622 3060 cicestriensis
1639 2965 1697 3025 scri·

235 3046 289 3133 to,
308 3059 674 3138 illustratumquevenet.
696 3061 785 3124 4636.
805 3062 854 3122 iol.
889 3079 956 3144 pag.
1013 3063 1073 3140 psit
1090 3066 1168 3122 teste
1185 3061 1423 3124 BaleolV.2et
1449 3063 1544 3121 Pitseo
1561 3069 1622 3137 pag.
1642 3059 1696 3116 344.

236 3151 283 3210 79.
301 3159 392 3230 atque
411 3153 481 3214 inde
498 3171 567 3215 curn
587 3156 666 3215 notis
683 3154 746 3214 0444
764 3156 794 3213 44
810 3161 891 3216 torno
909 3171 957 3215 se·
990 3203 999 3220 .
1013 3154 1133 3215 Librum
1150 3152 1186 3213 44
1195 3151 1304 3234 formis
1320 3151 1499 3226 electionum,
1515 3159 1545 3212 et
1559 3147 1696 3210 abbreria

235 3249 287 3302 xto
305 3244 439 3306 thesauri
457 3246 561 3306 ltaliae
582 3248 797 3308 Burmannieni
810 3291 817 3322 ,
838 3254 870 3307 et
890 3249 955 3308 blu-
1012 3251 1111 3308 loram
1132 3247 1234 3321 olium,
1253 3250 1287 3306 ut
1304 3247 1438 3306 omittam
1461 3246 1576 3306 tertium
1597 3257 1697 3318 44444

238 3338 380 3398 ratoriani
399 3343 480 3398 torno
500 3347 619 3402 octavo.
1011 3343 1103 3402 situm
1131 3341 1243 3401 Gallice
1270 3337 1309 3399 de
1334 3337 1420 3399 modo
1446 3335 1587 3398 tractandi
1614 3349 1696 3395 narra·

275 3426 419 3488 Ι4444444.
442 3431 956 3493 membranaceo‘l'ririsaneoextat
1010 3435 1117 3496 tiones.
1394 3459 1396 3464 ·

235 3535 334 3580 sermo
366 3522 467 3583 editus
499 3541 555 3601 per
590 3528 731 3585 Laurent.
766 3523 804 3586 de
825 3527 956 3585 blonacis
1052 3525 1292 3588 LAURENTIUS
1313 3521 1412 3586 Vadas
1428 3523 1492 3583 sive
1511 3517 1630 3590 Wadas,
1649 3513 1696 3577 la

235 3612 456 3673 Cancellerium
490 3617 597 3676 Cretae
629 3615 660 3674 in
679 3612 851 3676 celebritate
884 3633 956 3677 exe·
1010 3619 1079 3700 glus
1094 3613 1257 3679 Monachus
1281 3615 1504 3678 Cantuarlensis
1520 3613 1585 3675 Ord.
1603 3605 1695 3672 64446.

234 3703 382 3781 pulcram
403 3706 554 3782 quondam
593 3708 771 3769 nobilissimi
792 3711 825 3769 l).
852 3709 955 3772 Vitalis
1011 3712 1135 3791 scripsit
1149 3710 1240 3771 citam
1258 3709 1289 3770 S.
1310 3708 1432 3769 Tbomce
1447 3705 1572 3774 Baclret,
1593 3701 1695 3762 Archis-

236 3796 336 3856 tando
369 3799 398 3856 44
437 3801 607 3876 4444444444
635 3801 737 3861 eximii
771 3803 834 3863 Ser.
869 3805 955 3863 born.
1010 3805 1122 3884 piscopi
1140 3803 1280 3864 cantuar.
1308 3801 1454 3862 interiecti
1482 3789 1694 3859 battitiis.

234 3890 368 3951 Micholis
391 3892 485 3953 Stena
506 3895 540 3953 D.
552 3893 586 3954 G.
599 3894 692 3954 incliti
707 3895 797 3956 Ducis
818 3897 956 3957 Venetia·
1010 3897 1216 3976 cantabrigiae
1233 3895 1263 3953 in
1278 3894 1351 3954 Bibl.
1371 3892 1490 3972 collegii
1507 3891 1536 3951 S.
1551 3883 1693 3956 benedieti,

234 4003 314 4047 rum.
337 3987 516 4064 Designavit
548 3988 629 4049 hunc
656 3987 796 4050 codicem
827 3991 864 4050 ol.
899 3989 954 4070 hp.
1006 3997 1085 4052 teste
1103 3991 1207 4050 Vcssm
1224 4004 1289 4066 pag.
1308 3986 1418 4048 74444
1441 3985 1527 4046 Pitsei
1544 3999 1604 4060 pag.
1621 3977 1680 4039 8⁸6·

232 4080 310 4140 zeno
328 4081 357 4138 in
380 4079 515 4158 Epistola
537 4079 689 4142 bernardo
705 4083 863 4142 Triviseno
879 4071 954 4143 Ven.
1049 4078 1286 4144 LAURENTlUS
1306 4073 1398 4138 414444ι
1415 4077 1505 4150 intra,
1521 4071 1643 4136 Vhtth.

237 4172 327 4233 4704.
350 4169 380 4231 4.
754 4165 756 4170 ’
1049 4171 1289 4238 LhUilENTlUS
1317 4168 1501 4246 Ubaldinas,
1526 4165 1692 4262 Florentinus

280 4265 361 4328 Obiit
396 4281 475 4326 anuo
503 4268 516 4328 4
524 4263 591 4327 tes.
613 4274 648 4327 44
675 4266 799 4328 adnotat
827 4269 857 4328 P.
875 4268 954 4347 degli
1009 4269 1080 4329 Ord.
1097 4265 1197 4329 Praed.
1215 4265 1282 4326 aliis
1300 4259 1556 4327 attrectasse
1572 4255 1690 4324 Voldiars,

235 4357 373 4436 Agostiui
391 4361 420 4418 in
439 4376 489 4437 op.
501 4360 612 4420 latoria
629 4356 708 4438 degli
717 4358 855 4419 scrittori
867 4362 954 4421 Vene-
1008 4369 1113 4423 auctor
1132 4359 1268 4440 capistri
1283 4355 1464 4420 ladaeoram
1473 4401 1482 4432 ,
1499 4358 1527 4415 in
1548 4369 1602 4431 quc
1620 4349 1690 4409 docti

238 4450 325 4510 sioni
342 4453 378 4512 ll.
398 4451 464 4511 366.
492 4451 542 4512 ubi
571 4459 602 4512 et
632 4451 690 4512 alia
717 4451 861 4512 nonnulla
886 4453 952 4512 eius
1008 4455 1166 4532 scripsisse
1184 4467 1217 4512 se
1235 4451 1292 4511 An.
1311 4451 1388 4511 43344
1409 4455 1476 4532 post
1502 4444 1690 4507 desolationem

235 4558 326 4620 opera
348 4545 460 4607 inedita
480 4545 657 4608 recenset·
1008 4546 1230 4624 Hierosolymae
1251 4561 1304 4624 per
1330 4545 1429 4608 Titum
1458 4543 1561 4604 iactam
1587 4535 1635 4610 boc
1652 4535 1690 4590 esi

272 4741 300 4801 a)
317 4745 376 4792 neto
392 4745 460 4796 ltrud
487 4751 547 4798 tom.
566 4747 591 4818 3.
610 4743 734 4808 supplem.
751 4758 811 4808 pag.
827 4745 884 4807 646,
899 4747 956 4794 bis·
1001 4746 1068 4796 rturn
1084 4745 1243 4798 eruditorum
1257 4745 1344 4795 4441144
1360 4750 1420 4794 tom.
1438 4741 1459 4791 l.
1470 4751 1524 4801 pag.
1540 4736 1592 4786 449.
1606 4731 1654 4785 til·
