3562 5582
185 119 203 180 4
785 113 1038 178 sanutus

130 293 131 296 Ἴ
224 227 267 288 De
299 227 487 286 Muneturum
515 226 661 302 potestate
691 225 720 282 at
751 215 898 298 utilitate,
951 220 1117 291 deiubutiis
1133 225 1189 290 Aii.
1209 223 1299 304 4430.
1317 233 1442 312 Scripsit
1468 239 1571 295 444444
1592 235 1663 294 Fru-

182 321 332 400 lleutling.
351 321 378 380 4.
389 314 518 380 Nurimb.
537 315 624 379 4542.
644 317 670 376 4.
689 319 809 379 etcum
822 311 899 378 Mut-
952 317 1081 383 ututur
1097 324 1123 398 4)
1142 306 1173 384 ei
1185 309 1337 389 4444744444
1353 327 1385 388 iu
1402 327 1565 407 Evangelia
1589 345 1662 407 quae
1685 338 1690 350 ·

183 412 264 476 44444
285 411 397 473 Boissii
414 409 627 485 additionibus,
644 411 725 474 inter
749 417 898 472 tractatus
952 415 982 474 in
1001 416 1081 478 leriis
1107 419 1367 502 Quadragesimae,
1386 425 1565 501 Dominicis,
1587 426 1663 487 aliis

94 575 98 586 ,
182 511 282 571 varios
312 507 350 568 de
372 508 522 586 monetis,
540 519 707 587 carumque
731 503 897 576 mutatione
952 527 1011 588 que
1028 513 1128 574 Festus
1145 515 1321 580 recitantur,
1364 569 1367 575 ,

180 622 216 666 ac
233 605 382 678 falsitate,
403 599 506 662 Goion·
539 595 626 659 ⁴574·
643 599 672 658 8·
686 605 718 659 et
734 615 772 660 ex
794 614 898 658 recen·
991 601 1008 640 *
1025 601 1153 676 Gabriel
1175 607 1213 669 de
1238 597 1400 692 Gurusolus'
1421 608 1480 672 non
1505 613 1662 674 Lucerinus

179 697 263 760 sione
279 690 617 775 Morquurdilirsberi,
635 709 705 754 cum
723 693 785 754 Nic.
806 691 896 752 ORE·
950 700 979 758 in
997 696 1114 778 Apulia,
1130 699 1185 762 sed
1195 703 1364 767 Nucerinus
1380 707 1410 765 in
1425 706 1583 785 Campania
1595 707 1662 786 Epi-
1772 737 1773 740 =

180 790 269 854 SMlO
292 795 349 851 444.
376 787 470 868 Lugd-
493 787 580 849 4505·
608 787 635 846 i·
653 791 685 847 ei
711 787 741 846 in
770 783 896 846 flavidis
949 807 1060 870 scopus
1083 792 1215 870 decessit
1244 813 1293 858 an.
1312 799 1399 860 4433.
1417 807 1452 860 44
1467 800 1497 859 P.
1523 799 1659 862 Gundulio
1772 813 1773 852 t

181 882 323 947 Tbouuuni
335 883 413 944 uotis
429 881 556 962 publicis
578 879 773 955 monetariis,
793 878 883 960 Augu
948 884 986 946 de
1003 887 1061 949 CC.
1088 877 1316 967 Augustinianis
1346 909 1375 970 p.
1405 893 1474 954 224.
1492 892 1608 968 definit,
1628 903 1656 954 et

178 985 242 1040 stae
257 976 373 1038 Vindal.
392 975 483 1038 4692.
499 974 538 1036 444
555 991 621 1054 pag.
637 973 707 1036 274.
949 979 1104 1058 Ughellius
1119 982 1229 1044 44447.
1241 1001 1306 1064 pag.
1319 987 1388 1048 526.
1399 987 1562 1049 currfirmat.
1572 1005 1655 1066 quare

215 1069 424 1153 Defensorium
453 1077 557 1131 eontra
587 1069 723 1132 aemulus
761 1085 834 1130 sous
859 1068 896 1130 de
949 1073 1010 1134 ialli
1022 1075 1188 1138 Fabricium
1200 1085 1339 1140 nostrum
1349 1069 1544 1160 constat,qui
1557 1082 1656 1161 03444-

175 1161 343 1226 obedientia
358 1162 439 1225 sedis
465 1159 664 1243 Apostolieou,
685 1161 723 1223 ad
752 1164 837 1224 Pium
858 1163 893 1224 ll.
948 1167 1021 1228 lium
1039 1166 1077 1229 de
1091 1169 1147 1232 boo
1159 1169 1377 1250 Augustiniano
1390 1175 1535 1254 scriptore
1545 1175 1658 1236 siluisse
1681 1155 1685 1166 ⁸

175 1258 210 1320 A.
229 1259 318 1321 4462.
335 1273 395 1319 444
412 1273 482 1318 oum
507 1255 704 1317 sermonibus
726 1256 818 1316 Bielii.
840 1257 896 1316 Ba·
948 1261 1060 1337 scribit,
1076 1265 1220 1326 Memorat
1237 1266 1320 1328 illum
1343 1267 1483 1346 quidem,
1497 1275 1528 1330 et
1541 1285 1596 1330 uon
1618 1271 1659 1330 in-

176 1352 221 1413 sil.
243 1354 332 1414 4549.
355 1351 381 1411 4.
700 1395 702 1402 .
948 1361 995 1414 ter
1013 1357 1175 1418 Lucerinus
1193 1375 1252 1436 quo
1268 1359 1422 1423 Fabricius
1439 1363 1657 1440 quaesiviusm
1736 1429 1738 1433 ,

215 1445 355 1508 Traditur
381 1445 489 1505 Mtbica
510 1442 682 1504 Aristotelis
713 1443 739 1517 a)
767 1441 895 1522 publicis
950 1449 1028 1508 inter
1052 1449 1217 1510 Nucerinos
1233 1449 1406 1533 Episcopus.
1434 1457 1552 1518 Praeter
1575 1475 1660 1536 opera

174 1539 375 1603 Conoionibus
385 1539 572 1618 exposuisse,
583 1538 664 1598 sicut
679 1535 792 1598 abaliis
802 1537 893 1599 etiam
947 1541 996 1604 444
1016 1541 1146 1605 indicata
1161 1551 1235 1607 suut
1261 1549 1353 1609 etiam
1377 1547 1445 1627 ejus
1460 1555 1606 1612 sermones
1625 1553 1660 1615 da

175 1635 288 1696 factum
316 1639 447 1694 testatus
460 1638 514 1692 est
530 1633 560 1691 in
588 1629 730 1710 Apologia
743 1629 894 1708 Augustu-
947 1632 1051 1696 diebus
1064 1636 1192 1699 lestisB.
1204 1641 1239 1702 M.
1255 1641 1289 1702 V.
1301 1643 1353 1720 qui
1365 1645 1466 1704 nescio
1476 1661 1514 1705 an
1529 1661 1657 1723 unquam

174 1744 232 1789 nae
249 1727 452 1790 Confessi-unis
468 1724 679 1786 Melancbthou
690 1737 760 1803 pag.
773 1723 821 1785 62.
828 1721 895 1786 Au·
947 1727 1123 1807 prodierint.
1439 1759 1441 1766 r

173 1819 304 1884 dabimus
331 1819 478 1901 quosdam
490 1835 549 1900 pro
572 1817 736 1893 Gouriane,
757 1813 894 1896 44449444
979 1819 1127 1884 bobertus
1137 1827 1202 1886 sive
1216 1828 1366 1906 nuperus
1379 1829 1580 1909 GAGUlNUS,
1593 1833 1658 1894 Bel.

173 1913 350 1995 Evangelio,
367 1911 540 1976 Aristotelis
554 1910 663 1973 Etiriou
683 1928 843 1972 enarrare.
947 1931 1002 1994 ga,
1018 1918 1127 1979 Ductor
1143 1920 1338 1984 Decretnrum
1356 1931 1447 2002 atque
1463 1923 1584 1986 Ordinis.
1598 1927 1656 1986 fla.

216 2010 233 2046 *
254 2010 549 2071 Commentariorum
575 2007 606 2066 in
630 2008 806 2084 Magistrum
826 2020 896 2066 sen·
947 2011 1116 2072 turinorum
1134 2012 1200 2074 sive
1216 2015 1247 2076 S.
1262 2017 1418 2080 Trinitatis
1428 2025 1460 2079 et
1476 2017 1658 2079 redimendo-

175 2107 342 2167 tcntiarum
360 2119 438 2183 quos
451 2102 501 2162 444
510 2102 632 2162 nomine
642 2098 805 2162 collecturii
816 2098 895 2159 desi·
948 2120 1015 2164 rum
1030 2105 1223 2185 Captivorum
1236 2109 1374 2171 minister
1386 2112 1542 2190 generalis,
1556 2110 1659 2174 delun·

172 2207 245 2278 gnat
266 2199 436 2274 Fabricius,
455 2195 620 2257 brixiensis
640 2193 732 2254 editio
745 2209 794 2254 an.
816 2190 894 2254 4574
949 2201 1017 2258 ctus
1046 2199 1166 2260 Parisiis
1192 2201 1228 2262 A.
1256 2203 1343 2266 4502.
1361 2204 1409 2266 22.
1426 2203 1502 2284 Maii.
1530 2205 1558 2280 dl
1586 2203 1658 2266 Vide

173 2309 233 2353 nun
253 2292 377 2372 quidem
394 2291 493 2352 tribus
507 2288 538 2348 in
554 2290 581 2348 4.
599 2287 821 2356 voluminibus,
839 2285 893 2346 sed
949 2290 1148 2354 Tritbsmium
1174 2309 1201 2354 c.
1219 2295 1287 2357 944.
1311 2298 1446 2372 lovium,
1461 2297 1584 2360 Auberti
1605 2298 1661 2359 Mi-

172 2395 303 2466 quatuor
329 2385 510 2458 absolvitur,
530 2385 579 2444 cui
606 2381 722 2443 accedit
749 2383 890 2460 quintum
946 2387 1008 2445 raei
1025 2385 1120 2465 elogia
1136 2387 1253 2465 Belgica
1268 2405 1335 2469 pag.
1353 2390 1420 2452 476.
1435 2393 1497 2454 Jac.
1511 2390 1659 2454 Gaddium

174 2481 421 2559 supplementum
439 2475 610 2538 Wandelini
633 2474 824 2536 Heimbaubii.
844 2473 893 2534 ln·
945 2478 984 2540 de
1010 2480 1205 2559 scriptoribus
1233 2497 1293 2544 non
1322 2485 1553 2562 Ecclesiastiois,
1573 2486 1661 2546 Vale-

170 2576 322 2652 cipitvero
328 2571 575 2652 supplementum
588 2567 689 2658 444464
700 2567 893 2628 distinctione
947 2575 1025 2635 rium
1039 2572 1190 2636 Andream
1204 2581 1236 2635 et
1253 2575 1446 2639 Francisoum
1462 2579 1656 2651 chertium,

172 2667 212 2730 28
240 2667 393 2747 Magistri,
419 2681 477 2726 nun
495 2665 570 2725 veru
587 2681 604 2726 a
622 2663 660 2724 27
678 2670 713 2724 44
729 2661 778 2722 444
795 2659 894 2722 Fabri·
947 2667 1041 2727 1saaoi
1074 2667 1209 2730 Bullartii
1243 2668 1433 2730 Academiam
1464 2671 1660 2734 scientiarum

171 2762 246 2822 cius.
263 2745 377 2821 ln'iioc
392 2755 692 2837 legiturEpistolaad
704 2755 892 2818 Christianae
945 2765 1017 2822 tom.
1037 2763 1064 2822 i.
1081 2762 1398 2840 paulitianorum
1415 2770 1489 2825 tom.
1513 2765 1543 2826 2.
1564 2762 1603 2825 de
1624 2765 1658 2828 S.

173 2853 352 2934 'theologiae
369 2859 508 2914 auctores
524 2843 600 2911 Galli
622 2847 736 2910 Mulieri
757 2847 890 2908 Fulsem-
945 2855 981 2916 Ε,
1006 2868 1073 2935 pag.
1095 2855 1164 2920 297,
1180 2860 1301 2919 Jusrum
1321 2859 1512 2936 nycquiqum
1533 2858 1656 2920 (lentur,
1699 2857 1710 2879 ·

170 2948 339 3027 burgensis,
350 2964 411 3026 qua
428 2946 572 3006 docemur
586 2941 787 3003 Vandalinum
809 2939 891 3001 bunc
945 2965 1013 3009 ῃον,
1031 2951 1128 3028 Epist,
1145 2951 1192 3012 85,
1210 2951 1340 3010 'rhomae
1361 2952 1438 3028 Pope
1455 2950 1567 3011 prount
1590 2964 1659 3012 cen-

132 3059 136 3064 ·
170 3042 283 3102 obiisse
298 3057 347 3102 sn.
372 3041 460 3101 4549.
482 3037 530 3099 644
545 3037 583 3098 44
600 3037 723 3096 tenuari
739 3032 890 3114 sepultum
943 3053 1045 3099 suram
1058 3042 1239 3118 scriptorum
1257 3045 1289 3096 et
1306 3039 1446 3098 vossium
1463 3041 1493 3099 in
1508 3040 1657 3102 historicis

153 3133 252 3213 *apud
267 3135 297 3194 S.
315 3135 443 3194 Petrum
453 3132 485 3192 iu
495 3129 589 3212 Syiuo
599 3127 769 3191 Scombucir
782 3126 824 3188 ad
837 3143 889 3208 pc·
944 3131 1044 3192 latinis
1061 3147 1089 3211 p.
1102 3133 1170 3192 663.
1184 3131 1233 3194 ubi
1251 3128 1289 3190 de
1305 3144 1393 3210 opere
1404 3130 1473 3210 ejus
1489 3135 1669 3214 praecipuo,-

129 3249 132 3252 ·
167 3227 220 3290 des
229 3226 492 3308 praeruuttrumt
503 3223 646 3304 Magistri
661 3222 713 3285 aui
728 3219 887 3283 Gabrielis.
942 3224 1022 3302 quud
1036 3232 1104 3286 ast:
1629 3261 1634 3278 ,

167 3325 213 3384 Ex
231 3339 291 3400 quc
317 3321 498 3383 deducimus
512 3323 614 3382 miuus
635 3333 708 3378 veru
729 3318 887 3395 scripsisse
982 3317 1195 3398 Compurdiuru
1224 3331 1316 3397 super
1331 3317 1528 3378 Frcrrcurum
1546 3318 1654 3398 pertis,

167 3416 316 3496 quosdam
327 3415 497 3476 Gabrielem
515 3412 670 3474 hunoBiel
688 3413 782 3472 vitam
800 3427 887 3472 suam
941 3411 1024 3472 libris
1037 3413 1075 3472 X.
1092 3409 1331 3474 al'buramuodu
1349 3411 1498 3488 usquead
1515 3411 1550 3474 A.
1567 3411 1654 3476 4497.

165 3510 203 3571 ad
226 3525 323 3588 usqus
346 3508 436 3570 4500.
459 3523 646 3587 prorogasse.
942 3506 968 3566 4.
992 3509 1083 3583 atquc
1115 3503 1218 3566 additu
1243 3502 1316 3564 libro
1346 3503 1526 3581 undecimo,
1552 3507 1654 3583 quiin

203 3601 369 3673 utuntur,
385 3600 543 3662 Garaiolus
566 3597 602 3660 du
630 3596 746 3680 sputu
756 3643 765 3674 ,
783 3600 886 3678 Augu·
941 3599 976 3660 A.
989 3601 1075 3661 4499.
1093 3595 1223 3664 desinit.
1241 3597 1332 3658 Paris.
1351 3598 1438 3660 4500.
1452 3599 1539 3661 4504.
1555 3596 1602 3658 lul.
1622 3605 1655 3656 et

163 3698 362 3756 stinianomm
389 3696 525 3758 vicarius
553 3693 710 3756 Generalis
736 3693 884 3755 Marchiae
940 3689 1028 3757 4507.
1048 3692 1137 3754 4544.
1155 3692 1244 3754 4544.
1261 3690 1289 3751 8.
1312 3697 1344 3752 et
1361 3693 1419 3753 sub
1436 3692 1536 3754 titulo:
1553 3687 1656 3750 4444-

163 3790 337 3850 Tarvisinae
362 3787 398 3850 A.
430 3790 518 3852 4420.
545 3794 637 3868 atque
663 3789 733 3850 inde
765 3789 883 3866 urgens
939 3786 1013 3848 lium
1030 3803 1135 3848 rerum
1151 3782 1340 3846 umbrarum
1356 3801 1427 3848 uum
1443 3784 1654 3864 supplemento

161 3883 341 3944 Conventus
368 3883 398 3944 S.
433 3883 564 3961 Spiritus
596 3884 728 3944 venetiis
758 3891 790 3944 44
825 3883 884 3943 An.
940 3877 1071 3943 Hubrrii
1096 3878 1210 3959 Veiieji‚
1228 3879 1376 3940 Senatorii
1393 3877 1535 3938 Advocati
1556 3891 1655 3952 usqne

163 3977 254 4039 4429.
277 3977 305 4052 b)
327 3977 495 4056 Episcopus
525 3977 694 4037 lucerinus
718 3978 747 4035 in
775 3975 884 4055 Apulia
939 3976 976 4038 ad
994 3975 1029 4037 A.
1046 3975 1134 4036 4520.
1151 3973 1241 4036 Paris.
1257 3971 1346 4034 4521.
1364 3973 1391 4032 4.
1409 3978 1440 4032 44
1458 3969 1545 4036 4522.
1562 3969 1655 4030 4528.

925 4073 968 4132 ,8.
989 4076 1081 4148 atqua
1110 4066 1310 4146 tugalost.
1334 4068 1417 4128 Paris
1445 4063 1531 4125 4554.
1553 4063 1602 4124 444.
1622 4069 1654 4124 44

939 4181 1009 4225 oum
1028 4162 1238 4240 supplemento
1255 4175 1353 4238 usquc
1379 4159 1417 4220 ad
1435 4158 1597 4219 Mauricum
1616 4157 1650 4216 ll.

156 4318 187 4358 ..
202 4230 398 4368 iltuit
415 4233 493 4354 til
511 4227 890 4365 llltl‘titltltlt
939 4252 1182 4332 eraserimus
1212 4250 1372 4314 wrcuelos
1404 4251 1491 4314 mr.
1514 4251 1563 4310 ur.
1584 4266 1653 4311 ⁰⁰⁰¹

156 4393 187 4431 oo
203 4393 266 4431 voce
285 4381 425 4442 Aristum,
442 4384 504 4430 nota
521 4377 570 4443 (v).
583 4379 725 4427 Meumanut
744 4379 806 4426 Acta
827 4377 888 4427 444-
937 4345 1030 4429 Pfflef·
1044 4347 1088 4408 J⁰·
1107 4345 1219 4424 W⁰lfflr
1234 4354 1266 4408 ⁰2
1282 4349 1374 4408 pasis·
1390 4345 1476 4408 ⁴582·
1496 4343 1545 4404 ‘⁰¹'

159 4457 284 4506 lustum.
302 4452 313 4502 l
332 4469 393 4518 pag.
415 4455 471 4506 745.
499 4461 561 4506 tom.
584 4465 642 4518 peg.
668 4450 725 4502 528.
754 4464 793 4512 sq.
821 4451 888 4504 ltlbl.
977 4441 1106 4504 Historia
1136 4441 1277 4502 Ludovici
1306 4441 1372 4500 XM.
1399 4437 1512 4498 Gallice
1535 4441 1564 4499 in
1586 4440 1655 4500 Dio·

157 4531 355 4580 subrueremus
373 4531 492 4582 45415.
810 4553 812 4558 ·
937 4538 1065 4616 nysiano
1083 4534 1184 4612 majori
1202 4535 1347 4596 Chronico
1364 4532 1476 4594 Galliae
1498 4549 1597 4612 usqua
1614 4533 1652 4595 ad

200 4603 424 4668 b)1tst¹blltppur
440 4607 535 4657 ttlsstua
552 4609 580 4656 in
595 4605 785 4656 Encomtsutcu
803 4607 888 4663 Augu·

157 4681 268 4732 sttntuno
285 4693 342 4745 pag.
366 4679 423 4730 222.
441 4679 501 4729 licet
517 4679 585 4742 apud
601 4679 732 4742 ttgbcllnrn
748 4683 810 4728 tom.
826 4677 842 4726 8
858 4690 883 4740 p.

153 4751 209 4803 til.
236 4759 303 4806 luter
330 4757 471 4818 Episcopus
498 4757 636 4806 turannos
662 4750 785 4803 usbrtelts
812 4751 883 4800 nulla
918 4809 919 4812 Ἴ
976 4749 1001 4802 4)
1020 4745 1176 4795 tritbemius
1190 4759 1213 4795 c.
1230 4746 1286 4797 745.
1302 4746 1334 4796 de
1349 4749 1422 4798 ⁸:1³.

155 4833 262 4881 mentio.
885 4847 892 4870 ,
928 4835 930 4839 ·
978 4819 1071 4881 Mittit
1091 4815 1439 4873 45044444144046444.
1456 4821 1472 4870 5
1489 4821 1602 4884 444642,
