3624 5600
235 119 297 183 tas
454 149 457 156 r
853 117 1111 182 JOANNES

229 231 325 309 signo.
346 229 389 290 [te
405 227 531 286 loannis
548 224 657 285 Busaei
675 223 809 286 editione
826 227 950 306 lingun-
1003 245 1134 292 excessu
1147 229 1216 312 eius
1230 228 1455 310 spanheimensi
1468 237 1635 300 llonasteria
1646 285 1652 318 ,
1665 237 1699 300 ad

229 324 341 385 tinensi
359 319 438 383 4642
449 325 480 379 44
492 319 569 380 4666
584 333 654 379 cum
669 317 843 398 appendice,
864 335 949 382 men·
1004 324 1178 404 Principes,
1194 325 1356 402 clarosque
1371 325 1453 388 Viros
1467 331 1604 410 scriptae,
1618 339 1700 412 atque

231 419 272 476 tio
293 417 323 476 in
344 413 419 475 Bibl.
448 411 605 472 lesuitica.
632 410 753 494 Atque,
775 417 810 472 ut
831 412 948 474 Labbeo
1004 417 1137 478 historiis
1162 419 1229 495 ejus
1250 421 1316 480 aeri
1338 419 1471 482 reiertae.
1491 423 1574 487 Liber
1595 427 1701 504 primm

229 510 446 580 observatum,
468 503 625 565 Freherus
644 507 675 564 in
697 505 872 567 collectione
893 523 948 568 sua
1003 511 1156 590 Epistolas
1169 513 1303 572 continet
1316 511 1363 572 79.
1379 513 1645 578 secundastantum
1657 519 1700 579 ti:

231 602 350 665 videtur
371 593 526 678 sequutus
547 598 697 660 duntaxat
713 598 875 660 editionem
897 603 950 662 Pa·
1005 604 1180 667 Prodieraut
1206 607 1361 688 llaganoae
1389 607 1474 668 4536.
1496 606 1523 668 4.
1549 610 1697 688 Epistulam

165 737 167 742 -
229 697 409 769 risiensem,
431 707 491 753 non
526 699 629 753 autem
662 692 871 755 delaniensem
899 693 948 754 rel
1003 694 1040 756 ad
1053 695 1344 771 Petrum,hbbatem
1356 697 1697 770 Manasteriillmcrbech,

228 789 356 850 Busaei:
376 785 587 853 Freherianam
602 791 728 848 secutas
747 802 802 864 ego
823 786 853 844 in
874 786 948 846 444441.
1002 790 1129 866 quaein
1146 788 1193 848 his
1213 787 1418 865 desideratur,
1435 789 1525 852 edidit
1541 791 1700 853 lambecius

231 881 468 955 Ecclesiastica,
489 879 595 948 llamb.
628 877 724 957 1748,
757 879 806 940 441.
838 879 948 941 4444444
1003 888 1023 940 4.
1041 883 1103 959 3.p
1130 879 1201 942 349.
1220 883 1437 962 Longeplures
1450 901 1506 944 non
1523 884 1604 944 mado
1617 885 1700 962 scrip

227 977 364 1054 capitum
387 975 524 1033 numeris
534 980 567 1033 et
577 973 689 1034 notulis
704 971 885 1050 quibusdam
897 972 949 1034 ad·
1003 979 1085 1034 serat
1097 975 1281 1036 trithemius
1298 975 1352 1036 sed
1368 978 1457 1036 etiam
1471 977 1640 1056 collegerat,
1653 978 1697 1054 qui

228 1069 352 1148 sparsis.
382 1067 425 1126 De
457 1067 641 1145 autographo
671 1066 845 1142 Trithemii,
868 1067 948 1145 quad
1003 1067 1067 1146 ipse
1083 1067 1288 1146 Epistularum
1307 1070 1336 1130 in
1353 1069 1522 1148 Spamheim
1536 1071 1696 1148 scriptarum

225 1163 312 1222 venit
328 1157 534 1228 adminstrare
552 1157 947 1238 catecumenorum·
1002 1159 1093 1221 libros
1107 1162 1154 1222 lv.
1169 1167 1201 1222 et
1217 1163 1247 1222 iu
1265 1162 1392 1224 abbacia
1408 1163 1604 1240 llerbipalensi
1617 1162 1697 1222 libms

162 1271 165 1276 ¹
229 1255 267 1316 44
295 1256 327 1314 44
349 1253 423 1315 liibl.
441 1253 673 1329 Eriurtensem,
694 1253 765 1315 vide
785 1254 863 1314 Frid.
883 1258 945 1316 lac.
1000 1255 1049 1316 Vl.
1068 1261 1214 1316 memorat
1230 1261 1251 1315 t.
1274 1247 1424 1330 4644444.
1446 1257 1575 1334 Hirsaug.
1592 1273 1618 1333 p.
1637 1254 1696 1314 693.

226 1347 416 1426 lieysehlagii
436 1345 574 1425 syllegae
593 1363 659 1425 pag.
673 1345 741 1408 947.
759 1349 802 1408 De
824 1346 950 1408 Gesneri
1082 1347 1236 1426 Opuscula
1256 1350 1307 1410 Pia
1327 1347 1464 1427 ejusdem
1484 1347 1630 1409 Trithemii

227 1439 408 1502 Bibliotheca
423 1440 471 1500 cui
490 1439 538 1499 hic
555 1440 716 1518 Camlogus
740 1447 823 1502 totus
850 1443 948 1502 inser·
1041 1442 1170 1503 ioannes
1187 1442 1323 1504 busaeus
1339 1443 1428 1520 Belga
1445 1443 1510 1504 Soc.
1525 1442 1601 1502 lEsu
1616 1439 1700 1501 Thea

226 1541 278 1596 tus
298 1541 365 1610 est,
386 1532 448 1612 jam
472 1523 564 1612 supra
585 1533 685 1595 dicere
708 1535 884 1596 memini..
960 1536 970 1570 ‚-
1002 1535 1106 1614 lngus,
1133 1537 1299 1614 spiritualia
1325 1535 1476 1613 Trithemii
1499 1551 1601 1614 opera,
1622 1541 1699 1610 quat·
1791 1513 1794 1540 ⁴

320 1628 354 1687 ln
377 1626 512 1690 secunda
533 1629 620 1688 Parte
642 1627 854 1688 continentur:
1003 1634 1076 1706 quot
1092 1629 1214 1707 reperiri
1231 1632 1401 1707 potuerunt,
1414 1643 1472 1689 uno
1493 1628 1606 1690 inclusit
1621 1626 1696 1686 rolu-

271 1718 438 1782 Cltraniccn
455 1717 596 1784 caenobii
613 1718 841 1800 Hirsaupiensis
853 1763 860 1795 ,
872 1717 950 1779 diae·
1004 1721 1086 1782 mine
1099 1737 1178 1782 anno
1195 1720 1283 1783 4644.
1297 1722 1464 1798 llaguutiae
1479 1721 1526 1780 iol.
1537 1719 1611 1798 apud
1622 1721 1700 1780 ioan

228 1812 304 1876 cear's
332 1813 502 1896 Spirensis,
530 1814 567 1875 ab
588 1831 668 1876 anna
694 1814 805 1876 Christi
834 1813 951 1873 Domini
1005 1831 1075 1875 uem
1096 1813 1258 1886 Albinum,
1280 1812 1336 1875 hac
1356 1811 1480 1875 ardiae:

234 1907 305 1970 834.
334 1923 432 1986 usque
454 1908 491 1970 ad
513 1925 627 1971 annum
650 1907 737 1969 4374.
759 1905 953 1968 emendatam
1048 1905 1214 1990 Chronican
1230 1906 1406 1968 dictionarii
1420 1908 1450 1969 S.
1466 1905 1567 1966 lambi
1583 1906 1703 1986 najara·

225 2008 256 2063 et
270 2007 393 2064 auctum
407 2003 565 2064 collatione
579 2004 616 2064 ll.
631 2002 661 2062 S.
677 1993 832 2080 archetypi
857 2001 952 2078 ipsius
1006 1997 1196 2064 insaturata
1211 1997 1432 2082 Herbipaiitanc
1443 2049 1451 2077 ,
1463 2017 1500 2061 ex
1513 2000 1609 2062 codice
1621 2015 1700 2060 mauu

226 2096 380 2170 auctoris,
402 2103 471 2173 post
491 2094 563 2156 edit.
585 2095 674 2156 Basil.
697 2093 787 2156 4559.
802 2092 856 2154 444.
881 2092 951 2153 illos
1005 2095 1101 2174 ipsius
1118 2094 1274 2156 Trithemii
1292 2110 1340 2154 an.
1358 2095 1445 2164 4449.
1462 2099 1598 2168 exarato,
1614 2099 1643 2152 et
1656 2107 1703 2168 per

226 2178 448 2258 44444444144
464 2195 569 2267 postea
587 2190 707 2268 copiose
734 2189 820 2248 auxit
834 2185 951 2248 Trithe·
1005 2189 1096 2249 alium
1119 2188 1154 2250 ad
1177 2205 1224 2250 aa.
1248 2189 1335 2250 1533.
1358 2190 1547 2262 continuato,
1568 2191 1635 2251 tuac
1651 2186 1702 2262 pri·

226 2285 308 2344 mius
339 2299 419 2343 anna
447 2283 535 2344 tait.
564 2300 601 2344 ex
630 2281 741 2360 quibus
768 2297 827 2342 non
861 2279 949 2341 mado
1005 2299 1088 2354 mum
1111 2281 1247 2357 editum,
1270 2287 1424 2360 etpostea
1446 2283 1474 2341 in
1495 2280 1611 2340 loannis
1633 2278 1700 2337 Petri

226 2376 382 2438 historiam
395 2373 469 2436 belli
486 2377 621 2437 Bavarici
638 2392 657 2436 a
674 2377 806 2454 liuperto
824 2373 950 2454 Philippi
1005 2374 1152 2454 ludewig
1163 2371 1701 2453 scriptoribuswirtzburgensibusre·

226 2472 350 2534 Palatini
365 2472 397 2530 F.
411 2485 483 2531 curn
502 2469 626 2530 Alberto
643 2470 691 2532 44.
708 2469 853 2529 bavariae
866 2470 948 2528 Daca
1005 2484 1114 2530 cusum
1136 2483 1204 2546 pag.
1225 2467 1313 2528 9934
1322 2467 1388 2532 404.

225 2582 276 2627 44.
293 2563 380 2628 tati.
403 2562 480 2642 gesti
514 2561 663 2624 Freherus
691 2563 856 2642 publicavit
877 2569 949 2622 torn.
1045 2563 1089 2622 144
1103 2560 1182 2622 Viris
1194 2557 1369 2620 illustribus
1386 2555 1701 2620 &dinurumtilime

226 2659 255 2721 a.
277 2660 457 2737 scriptorum
481 2673 581 2717 rerum
603 2656 804 2718 Germanicae.
827 2672 893 2735 pag.
912 2657 951 2716 94
1009 2655 1082 2717 dicti
1098 2651 1172 2715 libri
1186 2658 1305 2733 puniar.
1329 2653 1496 2714 Prodicrant
1511 2651 1639 2713 Coloniae
1655 2651 1701 2706 im-

226 2753 313 2830 (443.
330 2747 480 2830 4444444444
499 2747 654 2810 Friderici
664 2747 787 2812 Comitia
800 2746 949 2822 Palatini,
1007 2749 1104 2828 pressi
1120 2748 1149 2808 in
1164 2753 1272 2825 quarto
1289 2745 1368 2825 apud
1385 2747 1546 2808 Geminum
1560 2743 1699 2804 Galerium

223 2845 379 2908 victoriosi
405 2841 496 2920 dicti,
519 2843 674 2922 usquead
696 2835 744 2903 an.
777 2838 862 2902 4477.
888 2857 948 2918 quo
1006 2837 1084 2904 anuh
1101 2839 1189 2904 4575.
1206 2855 1275 2907 cum
1292 2838 1403 2918 Regula
1421 2839 1450 2899 S.
1465 2836 1701 2909 Benedictiatque

224 2939 305 3000 obiit.
321 2941 453 3002 Fraueoi.
470 2940 557 3002 4669.
573 2939 598 2997 l.
613 2935 667 2999 sed
683 2937 766 3013 typis
778 2933 949 2994 llunasterii
1004 2937 1113 2994 ineam
1127 2931 1365 3012 expositionibus
1378 2932 1498 2992 ioannis
1512 2929 1702 2989 deTunecre

226 3033 257 3094 S.
276 3033 352 3093 Galli
370 3051 419 3093 au.
444 3034 532 3095 4496.
556 3030 604 3091 141.
626 3031 717 3090 444444
735 3027 867 3088 Annales
885 3044 951 3106 pra
1004 3033 1105 3101 mata,
1135 3031 1166 3086 et
1194 3024 1350 3104 Smaragdi
1379 3023 1518 3085 Abbatis:
1546 3017 1701 3114 Regulapae

225 3126 307 3187 diere
335 3127 462 3204 integri,
486 3123 622 3187 seeundo
643 3130 725 3183 tomo
746 3122 784 3182 ab
808 3137 856 3181 an.
881 3121 950 3181 830.
1006 3119 1058 3181 SS.
1081 3117 1242 3198 Augustini
1264 3123 1296 3178 et
1317 3117 1476 3178 liraacisci.

226 3217 363 3298 producti
392 3235 489 3296 usque
514 3215 551 3280 ad
573 3235 622 3279 an.
647 3215 733 3278 4543.
761 3214 817 3274 hoc
842 3215 949 3275 titulo:
1049 3210 1346 3296 Commentariorum
1366 3209 1397 3270 in
1416 3205 1554 3287 Reperiam
1574 3205 1602 3266 S.
1622 3203 1702 3262 ame

226 3309 388 3372 Annalium
399 3310 665 3391 Hiraaapiensium
678 3307 799 3369 tamill.
811 3305 952 3388 compiec-
1006 3303 1082 3366 dicti
1098 3301 1184 3366 liber.
1202 3305 1227 3365 l.
1242 3303 1421 3364 valencenis
1445 3295 1527 3363 4647.
1547 3313 1612 3362 nam
1628 3295 1659 3355 ll.
1674 3299 1701 3352 et

226 3409 318 3464 4444444
342 3403 499 3467 historiam
525 3404 678 3466 Franciae
699 3409 729 3464 44
752 3399 950 3475 6444444444,
1007 3399 1058 3460 111.
1078 3396 1277 3460 desideratur.
1378 3467 1381 3472 ¹

227 3495 317 3558 Geato
334 3499 578 3578 imperatarum,
603 3500 735 3576 llepunr,
758 3493 951 3574 l’rrhcipnm,
1047 3492 1243 3564 Sermonum,
1265 3485 1314 3550 uel
1334 3485 1581 3548 dehortationem
1595 3477 1634 3540 cd
1649 3477 1701 3540 lle

225 3585 441 3667 Episcopcrum
456 3633 463 3663 ,
477 3584 629 3648 Attalum
647 3594 677 3645 et
692 3582 858 3644 illustrium
872 3582 952 3643 cira
1006 3583 1116 3646 4444444
1134 3580 1208 3644 labri
1225 3581 1295 3643 duo.
1317 3581 1440 3660 Argent.
1462 3577 1546 3640 1486.
1568 3575 1612 3636 441.
1630 3579 1658 3632 44
1675 3587 1701 3630 4-

225 3695 306 3740 rum.
322 3679 395 3742 Vide
412 3681 457 3740 tn.
479 3679 586 3757 Georg.
609 3675 797 3738 Schelhoruii
819 3677 952 3736 amoeni·
1005 3678 1066 3758 pud
1095 3679 1140 3738 lo.
1173 3674 1350 3738 llnobloueh
1387 3673 1473 3734 4416.
1496 3670 1544 3730 441.
1572 3665 1639 3730 Vide
1663 3663 1701 3722 lu

225 3777 305 3834 tates
325 3772 437 3834 literar.
460 3777 532 3832 tom.
553 3769 581 3831 7.
604 3766 671 3849 pag'.
694 3769 761 3830 493.
783 3783 847 3846 seq.
874 3767 948 3830 ricta
1005 3773 1122 3851 Georgii
1144 3769 1331 3833 schelhornii
1353 3767 1546 3828 amoenitates
1565 3761 1700 3822 litarent

225 3862 319 3927 Erud.
346 3871 419 3927 tam.
444 3865 473 3926 9.
496 3862 700 3945 supplementi
722 3878 789 3941 pag.
811 3863 859 3924 8³:
886 3879 950 3942 seq.
1006 3865 1036 3927 7.
1063 3883 1128 3946 pag.
1160 3863 1229 3925 484.
1251 3877 1314 3940 seq.
1336 3859 1490 3935 Antwerp.
1511 3853 1592 3917 4574.
1613 3851 1629 3910 8
1652 3849 1703 3952 lle

224 3961 303 4021 4411.
319 3960 507 4021 Jollubueri
525 3958 621 4019 nostri
639 3957 852 4019 bibliothecam
871 3955 947 4036 llist.
1007 3955 1115 4020 diolan.
1128 3955 1215 4021 4644.
1228 3955 1245 4015 4
1257 3953 1387 4016 ilabebat
1400 3949 1534 4012 Labbeus
1546 3955 1703 4026 praeman-

226 4053 336 4116 llamb.
354 4060 425 4114 tom.
448 4054 468 4115 2
489 4069 556 4133 pag.
579 4051 638 4113 368
670 4065 733 4130 seq.
1007 4055 1065 4114 bus
1081 4067 1212 4114 excusos
1233 4047 1355 4110 easdem
1376 4047 1405 4105 in
1426 4051 1533 4123 quarto
1554 4037 1702 4138 Florentiae

267 4146 439 4210 0444444444
459 4144 640 4210 Monaaterii
659 4143 900 4226 spanheimensis
922 4145 953 4206 S.
1008 4163 1087 4207 anno
1110 4142 1197 4209 4577.
1219 4144 1248 4202 44
1270 4141 1397 4203 Oilieina
1415 4136 1531 4216 Georgii
1551 4133 1702 4195 liarescottr

226 4240 358 4302 44444444
374 4237 518 4320 Episcopo
535 4239 704 4300 consecrati
714 4238 745 4298 in
757 4237 954 4300 diacamilla
1008 4257 1077 4303 cum
1092 4239 1167 4300 libro
1182 4219 1702 4324 4144444444.8414444488.44.4549.

224 4333 373 4412 pontina,
390 4333 428 4395 ab
449 4348 528 4394 anno
549 4332 662 4392 Christi
687 4330 774 4392 4444.
796 4331 953 4408 usquead
1008 4339 1131 4393 exstant
1157 4333 1236 4392 iuter
1263 4327 1387 4392 Codices
1409 4325 1446 4386 ls.
1468 4321 1564 4410 lossii
1587 4318 1615 4376 in
1637 4311 1701 4372 11441.

225 4441 274 4486 an.
302 4429 389 4491 1544.
417 4426 585 4488 aFrehera
612 4429 742 4506 primunr
771 4441 788 4508 e
816 4423 950 4484 tenebris
1010 4426 1158 4488 Leidensi.

228 4525 370 4596 erctum,
388 4527 420 4581 et
437 4523 467 4580 in
489 4521 589 4581 lucem
612 4518 747 4592 editum,
765 4533 835 4578 cum
850 4519 953 4578 nescio
1052 4521 1094 4582 De
1106 4517 1221 4599 triplici
1232 4514 1351 4596 cepione
1366 4505 1580 4576 Chuahalium
1591 4497 1703 4608 librilll.

229 4610 317 4689 cujus
338 4617 564 4675 continuatione
586 4611 622 4674 44
645 4628 694 4674 an.
717 4613 804 4674 4596.
1012 4613 1049 4676 de
1076 4613 1228 4676 Monachis
1250 4605 1478 4688 incipientibus,
1500 4591 1705 4682 proficientibus

270 4703 421 4784 Epistulae
456 4707 612 4769 Trithemii
639 4701 885 4786 familiarem)
917 4705 954 4767 ab
1011 4717 1042 4772 et
1065 4707 1205 4789 perlectis
1558 4783 1564 4795 ο
1628 4779 1633 4792 Ι

247 4821 250 4829 “
271 4833 372 4894 alvide
387 4834 461 4887 areb.
478 4839 586 4891 84444444
604 4837 731 4900 Epistulas
742 4838 846 4890 selectas
863 4837 957 4888 Gallice
1052 4799 1158 4864 mm
1169 4795 1305 4878 ‘tsm'ma
1315 4777 1645 4876 qu⁰tidi⁰ni⁸pmmh⁸
1657 4791 1705 4838 ‘x'

226 4907 307 4962 444444
323 4917 383 4963 rom.
400 4909 416 4960 4
434 4925 458 4974 p.
478 4910 533 4966 tel.
548 4927 604 4979 req.
1015 4899 1113 4957 4444444
1134 4887 1354 4953 Menaenorum.
