3562 5582
593 41 595 46 ’
656 87 947 154 sannices
1477 91 1539 156 eoa

106 198 145 258 888
162 199 229 257 arta
236 191 451 276 8888888888,
472 193 591 258 libellus
615 203 716 261 exstet
736 217 774 260 ex
829 199 909 262 idem
923 199 1069 278 scriptum
1083 199 1202 261 curavit
1218 196 1328 262 excudi
1342 201 1371 260 in
1384 200 1548 281 appendice
1579 204 1580 212 ’

73 292 154 352 nemci
172 287 298 350 editione
318 287 464 350 lobannis
484 288 685 370 Gruningeri,
702 294 776 354 inol—
828 292 866 354 ad
887 299 1004 355 tomum
1026 291 1195 354 secandum
1211 291 1354 354 Gersonis
1368 294 1502 374 Operum
1522 311 1553 372 p.

74 387 125 464 pit:
145 381 204 444 Ars
228 378 426 462 praedicandi
443 387 489 443 est
513 381 639 444 scientia
658 381 775 448 amen.
830 387 899 447 809.
920 385 1031 446 Prodiit
1051 387 1143 446 otiam
1158 386 1274 464 Lipsiae
1292 387 1438 466 scriptum
1453 387 1552 448 simile

103 473 289 540 8888888888
304 481 420 538 secreta
433 478 459 552 al
470 476 556 538 circo
568 475 711 556 summ,
726 483 773 542 iu·
829 480 865 543 Α.
879 479 968 542 8897.
979 497 1019 542 ex
1035 479 1144 542 Codice
1161 477 1446 558 Gvelpherbytano.
1464 480 1554 560 cujus

13 621 14 628 ,
70 573 147 650 cipit:
168 570 263 644 0888
289 566 390 631 dracas
413 567 511 650 fuerit
536 570 646 648 Missa,
669 573 773 636 itidem
830 571 970 634 editionis
987 572 1129 646 ⁸meminit
1149 571 1279 634 lacobus
1305 573 1432 635 Leniunt
1454 576 1484 634 in
1505 576 1556 636 lli-

13 703 14 710 .
70 683 102 726 ex
125 665 216 724 ceteri
243 662 373 725 editione
400 666 465 725 sine
486 681 566 726 enno
586 673 618 726 et
642 667 716 728 loco.
736 670 777 731 Et
830 668 923 728 storia
943 665 1068 729 concilii
1088 667 1187 728 Pisani
1207 682 1274 746 pag.
1295 668 1344 728 88.

71 755 230 836 replomlic
247 756 398 818 arcams
416 757 589 820 Dominicac
603 760 640 822 ad
658 762 731 824 Rev.
746 763 776 822 in
872 756 1017 838 Dmlopus
1037 757 1073 819 dc
1090 755 1271 836 schismate,
1289 760 1321 820 in
1342 777 1401 838 quo
1422 761 1555 841 colloqu-

13 863 15 920 t
70 851 180 912 Cllristo
206 851 324 915 Patrem
354 858 386 911 et
416 853 578 914 Dominum
604 852 776 918 Eclardum
830 859 925 918 untur
946 853 1158 914 clementinus
1178 868 1233 930 pro
1260 852 1417 917 Clemente
1439 855 1503 916 Vll.
1524 861 1557 915 et

13 945 107 1022 tal
129 944 323 1020 Erhardum,
344 947 446 1007 verius
476 952 525 1006 est
553 947 735 1011 Richardum
748 951 775 1026 ,l
832 945 992 1008 Urbanista
1011 959 1065 1024 pro
1086 945 1212 1008 Urbano
1232 945 1282 1008 Vl
1303 945 1378 1007 Vide
1398 948 1557 1009 Baluzlum

13 1035 234 1116 'Episcopum
257 1037 530 1114 wormatiensem
551 1047 646 1118 atque
671 1043 700 1101 in
722 1043 778 1105 Sa-
832 1041 963 1100 tomol.
979 1039 1127 1117 Paparum
1140 1037 1446 1124 Avenionensiump.
1466 1041 1553 1103 8230.

13 1128 226 1194 maleum
244 1129 434 1210 Aspeliema,
455 1133 521 1194 sive
541 1132 602 1195 Aoo
623 1135 736 1198 Maria.
870 1132 957 1194 liber
975 1131 1126 1194 aduersus
1143 1131 1389 1208 TELESPEORI
1399 1131 1556 1196 Eremitac

35 1288 38 1298 ,
100 1223 225 1284 Sermo
212 1241 244 1284 m
260 1222 335 1305 festo
350 1225 484 1286 8888888
500 1231 530 1287 et
544 1226 701 1290 maronam
719 1231 777 1290 Do-
827 1222 1098 1307 mnosacamris,
1119 1223 1264 1296 amrelmo
1287 1225 1324 1288 do
1350 1224 1465 1288 ultimas
1486 1234 1558 1290 tem

70 1309 337 1396 um3⁸vulgatus
316 1318 476 1383 excodiee
496 1321 634 1383 Gothano
653 1341 671 1385 a
689 1325 774 1389 Vc.
827 1317 974 1401 poribus,
995 1319 1034 1382 de
1059 1318 1181 1382 fortuna
1201 1321 1367 1406 Paparum,
1387 1322 1558 1384 cessatione

13 1409 189 1472 8888888
214 1413 342 1474 ilenrico
362 1429 422 1474 van
437 1414 564 1492 Seelen,
584 1417 614 1476 iu
632 1419 776 1480 lliscella
830 1415 1029 1491 schismatis,
1052 1411 1132 1493 quod
1161 1413 1200 1474 ab
1227 1413 1315 1476 Anno
1341 1413 1432 1476 8378.
1453 1416 1558 1478 Eecle

13 1511 14 1524 ’
71 1506 122 1566 aeis
137 1504 225 1566 editis
247 1505 384 1568 Lubecae
406 1506 497 1569 8738.
517 1509 545 1568 8.
566 1527 595 1588 p.
617 1509 691 1572 378-
692 1512 763 1574 393.
828 1512 904 1573 siem
941 1510 1089 1583 vexavit,
1122 1513 1154 1568 et
1191 1507 1326 1570 adventu
1355 1507 1558 1584 Antichristi,
1679 1568 1681 1576 ,

13 1649 14 1654 ,
98 1595 219 1676 lipsiae
245 1597 290 1658 ad
312 1599 543 1678 copmsceadma
569 1600 772 1680 differentiam
828 1602 866 1665 88
891 1603 1091 1682 Gregorlum,
1114 1601 1376 1681 salisburgensem
1404 1601 1441 1664 ab
1469 1601 1558 1664 Anna
1648 1627 1652 1638 =

13 1685 15 1800 8
72 1689 301 1771 utcrpeceatum
317 1693 443 1755 8888888
458 1694 624 1766 88888888,
643 1713 773 1760 excusae
828 1697 916 1758 8398.
938 1696 1154 1775 Praepositum.
1190 1694 1300 1756 Editus
1320 1696 1359 1757 ab
1383 1696 1558 1758 Bernhardo

13 1831 15 1858 ,
71 1801 127 1846 oon
148 1785 176 1846 S.
198 1787 352 1848 Antonino
373 1795 405 1848 et
426 1790 505 1850 inter
533 1789 679 1854 iohannis
699 1791 774 1852 Ger·
829 1791 886 1850 Pez
903 1796 986 1850 tamo
1007 1792 1035 1850 8.
1051 1787 1275 1852 Anecdotoram
1295 1796 1382 1868 parte
1403 1791 1435 1854 2.
1449 1807 1476 1869 p.
1497 1790 1557 1852 807

13 1867 15 1928 8
69 1881 129 1939 eonii
146 1897 235 1959 opere
247 1927 256 1958 ,
270 1882 319 1941 oui
340 1883 452 1943 molius
472 1885 586 1944 auctori
607 1883 770 1946 tribuatur.
828 1883 898 1946 888.
918 1883 973 1946 llio
993 1890 1042 1944 est
1069 1887 1220 1944 tractatus
1251 1881 1287 1944 ae
1308 1881 1476 1945 Salismote
1496 1884 1574 1942 Pc-·

97 1971 135 2033 888
146 1973 314 2036 mmmmm
324 1972 586 2056 Confusarum
597 2021 605 2054 ,
616 1979 772 2039 llemmin-
823 1991 939 2056 parum
952 1975 990 2038 ad
1009 1975 1228 2054 Bartholdum,
1245 1977 1472 2056 Erisingensem
1487 1978 1558 2056 Epi-

68 2083 111 2146 gae
126 2069 211 2130 8883.
427 2100 431 2109 ·
828 2085 972 2148 scopum:
993 2068 1033 2130 88
1045 2085 1105 2148 quc
1122 2068 1266 2132 llardtius
1282 2071 1444 2150 prolegom.
1461 2088 1491 2150 p.
1506 2073 1554 2132 88.

97 2161 288 2237 dammam
306 2162 491 2226 milido
514 2163 727 2228 contractibus
745 2172 775 2228 et
871 2159 1038 2242 Epistulam
1058 2161 1147 2242 pacm
1169 2179 1262 2241 quem
1290 2163 1322 2224 in
1342 2163 1465 2224 consilio
1491 2180 1556 2244 oap.

67 2251 208 2316 decadum
226 2257 398 2333 08888888,
419 2249 495 2330 bilo
515 2258 680 2336 appendice
696 2259 774 2340 Ope-
828 2259 876 2320 88.
902 2257 1048 2319 llenrious
1075 2255 1206 2335 aliegat,
1227 2261 1320 2336 atque
1347 2254 1473 2318 doctum
1500 2253 1557 2318 nea

66 2365 120 2410 mro
137 2349 302 2425 Gersouis,
320 2351 458 2412 Coloniae
481 2352 558 2413 8888
577 2353 625 2413 888.
826 2365 955 2429 parvum
967 2365 1044 2429 opus
1056 2349 1146 2410 vocat
1158 2349 1301 2412 laudatus
1316 2351 1476 2427 Hardtius,
1488 2351 1558 2412 ede-

13 2493 15 2520 ,
93 2441 298 2504 desilisset
324 2440 483 2505 erroribus
502 2443 709 2524 spiritualium
734 2448 773 2510 ad
828 2460 859 2504 re
876 2450 978 2504 8ι8ι88
997 2443 1181 2515 intermisit,
1199 2442 1324 2522 perinde
1339 2450 1373 2506 ut
1390 2441 1587 2526 Epistulam.

13 2531 15 2624 8
62 2533 103 2594 888
88 2533 230 2612 hannem
251 2537 434 2616 Episcopum
449 2537 723 2616 wormatiensem,
741 2543 770 2601 in
827 2536 974 2614 prolixam
995 2534 1037 2595 ad
1052 2534 1235 2615 Episcopum
1255 2537 1502 2600 wormatiensem
1518 2539 1557 2601 88

13 2627 143 2689 iacobi
168 2633 230 2692 llru
243 2630 372 2708 ytrodil,
392 2631 604 2707 carthusiani,
633 2633 707 2694 libro
733 2634 772 2695 de
825 2629 917 2692 flebili
932 2629 1051 2690 illorum
1069 2635 1239 2708 temporam
1255 2630 1455 2705 conditione,
1448 2649 1476 2694 tn
1495 2650 1556 2714 qua

13 2739 14 2752 ³
63 2725 194 2786 amahus
216 2723 474 2788 Christianorum.
826 2722 962 2801 pluribus
983 2721 1106 2784 disserit
1122 2722 1159 2784 de
1176 2723 1432 2786 lllLDEGsltuls
1451 2725 1558 2786 vatici-

94 2816 130 2876 08
149 2817 337 2884 8888888888
354 2817 539 2900 spadorum,
561 2823 627 2882 sive
644 2821 681 2883 de
702 2839 777 2903 qua.
833 2817 900 2876 niis.
922 2813 1007 2876 Adde
1035 2815 1181 2876 Eulaeum
1208 2815 1277 2877 hist.
1300 2816 1442 2878 Academ.
1462 2820 1555 2878 Pacis.

65 2911 120 2968 88
141 2907 432 2972 888888888888888
447 2912 591 2975 deisonis
611 2931 710 2994 opera,
724 2935 777 2978 cu·
832 2913 914 2968 tomo
937 2908 965 2970 3·
987 2924 1053 2986 pag·
1080 2908 1167 2970 8289.

65 3017 88 3062 ιι
106 3003 230 3065 Cornelii
249 3004 438 3080 Drelmenni,
454 3005 615 3085 antwerp.
634 3009 725 3072 ⁴652.
746 3011 774 3070 8.
870 3001 982 3064 (luntre
1002 2999 1237 3078 disceptationes
1263 3009 1295 3062 et
1315 3001 1553 3080 praedicationes

94 3095 230 3159 lleuerdo
241 3097 412 3176 8888888888,
424 3101 503 3160 inter
513 3101 658 3164 Gaisonis
674 3121 775 3182 opem,
830 3095 1134 3169 contrariaslratrum
1153 3094 1556 3174 mendicantium,lloaaais
1652 3113 1656 3124 ·

94 3188 256 3252 Caruilium
279 3190 369 3252 Pacis
388 3193 454 3254 sive
471 3193 509 3255 de
531 3191 647 3256 Unione
662 3212 699 3258 aa
718 3199 773 3262 110.
801 3227 805 3238 ·
829 3186 1048 3250 deMcalesorm
1065 3191 1095 3248 iu
1113 3189 1192 3252 Urbe
1217 3190 1394 3264 parisiensi,
1411 3190 1555 3252 aliorum-

67 3281 228 3346 lonnatlone
256 3283 449 3346 Ecclesiae
441 3303 473 3346 tu
493 3285 626 3349 Concilio
652 3291 775 3352 univer·
824 3281 907 3359 ‚quel
922 3281 1255 3364 mperconceptioms.
1270 3281 1389 3344 Merme
1403 3281 1551 3362 Viryt'al's:

67 3373 112 3434 sali
126 3377 314 3456 quaerenda,
331 3379 478 3457 scriptum
495 3381 667 3444 Parisiisd.
687 3384 772 3444 l38l.
829 3379 857 3435 el
878 3379 984 3437 contra
1008 3373 1209 3460 8800088888
1226 3376 1384 3438 Bernardv
1402 3375 1554 3439 mendaci-

62 3465 98 3526 Ex
115 3468 201 3548 haJ'us
223 3471 349 3532 Consilii
371 3473 468 3550 capite
486 3473 626 3552 XVqu
648 3474 801 3538 Clariss.
828 3468 1064 3550 lerimpasilam.
1080 3453 1153 3532 vtae
1178 3469 1333 3532 Oudinurn
1348 3479 1420 3538 tom.
1439 3473 1470 3533 3.
1485 3491 1554 3554 pag

63 3559 183 3626 llurditos
211 3565 355 3626 observet
381 3567 476 3642 petita
500 3582 590 3641 esse,
611 3585 690 3645 quae
714 3571 772 3632 sub
826 3564 950 3626 888888
965 3565 1004 3628 88
1019 3565 1069 3628 illa
1087 3565 1207 3628 macula
1221 3582 1323 3644 ,quae
1339 3568 1443 3628 notavi
1462 3583 1554 3646 supra

62 3651 190 3718 laisaris
219 3647 410 3720 GEESONll
436 3661 561 3722 nomine
591 3660 768 3739 legebatur:
826 3653 898 3720 tom.
927 3662 968 3736 l,
993 3677 1059 3739 pag.
1089 3655 1408 3722 rossilionensem
1436 3660 1552 3722 editum

63 3744 217 3814 lauram
228 3750 437 3831 comperdiosa
447 3751 615 3834 defectam
629 3754 770 3819 Virorum
826 3753 956 3830 primum
974 3751 1132 3816 llediolani
1151 3753 1229 3814 8880
1251 3755 1343 3814 etiam
1369 3755 1552 3833 impressum

62 3837 335 3912 lamissionem.
357 3847 475 3920 Primus
502 3865 541 3908 ex
569 3847 678 3910 Codice
704 3851 772 3912 ilel-
824 3844 855 3905 iu
869 3845 1032 3906 Germania
1049 3847 1080 3906 in
1100 3846 1210 3907 lvidit
1231 3843 1397 3910 Gesnerus.

13 3981 14 3984 .
63 3935 221 4000 astadiensi
240 3940 394 4015 auctoris,
413 3948 448 4004 ut
464 3943 770 4022 putat,ovtcgrapllo
865 3938 908 3998 lle
923 3937 996 3998 uitio
1012 3939 1214 4019 proprietatis
1236 3939 1470 4018 Mesochorum,
1486 3944 1551 4002 sivo

62 4025 138 4090 edidit
161 4033 341 4111 auctorique
368 4034 502 4096 restituit
530 4031 671 4097 laudatus
697 4037 771 4098 8888-
824 4029 1052 4110 ltela'mosorum.
1081 4035 1191 4112 lneipit
1205 4053 1211 4092 :
1225 4030 1457 4112 depulerium,
1487 4033 1551 4094 sive

64 4133 175 4186 nonnus
194 4125 233 4186 ab
254 4125 350 4188 llerdt
373 4133 396 4186 t.
418 4127 446 4188 8.
468 4127 593 4188 (loncilil
621 4127 702 4191 Cous
705 4137 771 4190 ton·
826 4121 1046 4194 claustralium
1060 4141 1158 4185 sacra
1177 4123 1299 4204 Relipio.

62 4212 151 4278 lleosis
175 4223 318 4298 portel.
340 4223 394 4298 qui
420 4221 547 4283 8888888
572 4223 698 4286 Gereoni
727 4225 771 4284 le·
865 4219 1026 4281 Tractatus
1054 4221 1119 4280 sive
1150 4221 1291 4280 Sermo
1285 4236 1314 4278 m
1333 4218 1427 4290 illud,
1445 4219 1550 4280 llettlr.

63 4311 129 4370 8888
144 4312 307 4376 observat:
326 4313 396 4375 8888
418 4313 533 4378 ludov.
550 4315 644 4379 Ellies
658 4317 701 4380 du
716 4319 769 4380 Pin
824 4313 905 4374 xlx.
928 4312 976 4374 87.
991 4312 1070 4374 Ecce
1086 4329 1140 4374 aas
1154 4311 1334 4392 rolipua'mus
1351 4312 1459 4374 omnia.
1476 4295 1576 4375 88888·

825 4405 1101 4487 mmm.w.

94 4493 117 4554 a)
130 4497 253 4550 Videntur
265 4498 328 4549 hoca
340 4497 771 4562 8118888888888888888888888,
864 4501 1001 4562 Demade
1021 4498 1197 4562 celebrandi
1212 4505 1240 4560 el
1255 4499 1422 4580 recipiendi
1438 4503 1549 4564 Sacra-

60 4577 111 4628 Vstc
124 4580 265 4622 mmccccl
281 4572 384 4635 vulgata
403 4577 557 4626 nuvantrlae
575 4573 636 4624 1801
823 4601 954 4657 mentum
970 4595 1198 4656 Empamtpae

60 4641 261 4772 “nmmo
275 4648 774 4789 {2‘3'⁰,{,‘’1⁸f,{‘ss2¹,f,⁰jflffg,⁰,l„⁶,⁰ss
864 4688 1015 4752 Medilalio
1037 4689 1143 4770 deuota
1159 4687 1290 4752 Missam
1316 4689 1482 4752 cantaturi.
1501 4690 1550 4750 ln·
1637 4677 1639 4684 ’

60 4787 148 4844 littura
168 4795 276 4848 888888
293 4804 355 4850 rom.
371 4799 396 4850 2.
413 4811 439 4862 p.
457 4797 526 4850 1808.
824 4786 915 4865 cipit.
909 4804 916 4816 ·
931 4799 1050 4863 eoeurpe
1063 4799 1163 4864 8888,
1179 4783 1283 4846 aalma
1304 4801 1379 4848 maa.
