3562 5580
643 97 963 173 ,sosarnus
1155 55 1158 64 ¹
1501 93 1559 158 ln

11 269 12 288 ,
78 210 171 272 llltum
189 207 416 283 veronensem,
433 221 502 266 curn
522 205 660 274 laudibus
677 214 708 266 44
724 207 785 266 elo
879 206 926 280 44)
951 203 1019 271 Vita,
1038 203 1171 266 Platonis
1193 212 1223 264 et
1245 200 1420 264 trienniis.

77 303 123 382 giis
141 293 342 380 praeceptoris
362 301 410 361 sui
431 298 537 360 limen
562 297 783 380 0444444444ι
882 298 928 374 43)
949 299 992 358 De
1015 297 1132 360 Catullo
1153 302 1206 376 per
1226 294 1392 358 Guarinum
1416 297 1555 356 restituto

11 393 13 478 ζ
77 395 230 473 exquibus
250 393 435 472 epitaphium
458 394 525 471 ejus
546 394 639 468 reteri
655 393 786 455 44444444-
839 393 900 454 dixi
925 392 973 454 lib.
993 394 1020 453 4.
1038 391 1175 452 4444444444.
1194 393 1314 451 Latinae
1331 392 1433 468 capii
1456 406 1555 468 neque

11 2109 12 2122 4

11 2131 13 2140 s

11 3031 14 3122 4

11 3399 13 3482 4

11 3509 13 3584 4

11 3591 13 3644 4

78 491 136 550 nius
151 503 216 565 pag.
237 486 305 548 484.
319 488 414 554 blusei
428 487 531 548 italici.
839 487 992 567 praeteriri
1020 485 1110 547 debet
1137 485 1192 546 hoc
1212 483 1251 544 de
1264 500 1299 544 44
1316 482 1452 544 Sabellici
1469 485 1494 559 4)
1512 491 1556 544 te-

110 582 134 647 3)
150 581 255 641 Latina
270 582 370 640 versio
390 581 439 656 X,
456 579 621 658 primorum
640 580 785 641 librorum
840 582 1034 654 stimonium,
1058 577 1213 640 laudatum
1231 591 1351 656 quoque
1368 577 1397 634 in
1415 583 1488 636 tom.
1510 575 1556 636 43.

77 671 245 749 samonis,
265 672 356 752 jussu
377 673 488 735 44444144
505 675 549 746 V,
571 677 714 752 suscepto
730 719 737 747 ,
755 677 786 733 et
840 676 929 735 Diarii
952 675 1057 734 Veneti
1081 689 1147 751 pag.
1167 671 1233 731 406.
1261 665 1413 731 Comitum
1434 668 1558 730 manici·
1630 687 1633 692 ·

76 773 135 846 post
156 765 221 844 ejus
245 771 373 828 mortem
400 767 499 828 dicata
524 767 633 828 Jacobo
655 766 786 828 Anmoio
835 781 906 846 pem
933 779 1043 841 sunm,
1064 765 1125 826 sitos
1145 771 1175 824 ct
1194 759 1346 842 epotare
1367 759 1555 840 consectam,
1670 833 1677 846 ι

76 859 221 934 barcello,
244 859 380 920 Senatori
401 849 526 920 Veneto.
558 859 670 946 Prodiit
700 861 784 920 Raro.
839 845 1558 939 meemqmemdintnrnisnoemb'reformidan-

76 953 152 1014 4470.
167 953 271 1031 Spirae
291 951 387 1028 4472,
404 952 454 1014 444.
471 969 507 1014 44
521 952 632 1016 deindo
650 954 783 1032 saepius.
839 959 915 1029 tem,
941 954 984 1013 ito
997 949 1157 1027 abstersit,
1176 955 1211 1010 nt
1224 949 1289 1011 sine
1312 949 1426 1033 majore
1442 943 1558 1007 rubore

75 1047 166 1106 Libros
180 1046 341 1110 Strabonis.
353 1051 475 1124 septem.
486 1049 667 1124 posteriores
683 1046 784 1105 vertit.
839 1046 870 1106 in
895 1045 1050 1126 poblicum
1078 1045 1166 1106 emere
1192 1059 1251 1103 non
1279 1039 1434 1108 dubitarit.
1462 1040 1557 1118 lliajus

74 1138 279 1200 GPEGORlUS
291 1138 466 1218 4444444444,
475 1137 514 1200 de
523 1155 583 1216 qua
594 1155 721 1217 suprap.
734 1139 782 1200 446.
838 1142 929 1202 otiam
940 1147 987 1204 ast
998 1140 1077 1219 quod
1091 1137 1129 1200 de
1142 1139 1273 1200 Guarino
1288 1134 1463 1214 subjungit:
1484 1135 1558 1194 Pro-

109 1233 135 1306 4)
147 1232 249 1292 liarsio
266 1232 371 1292 444444
389 1229 547 1294 Platarclti
561 1231 599 1294 de
615 1231 801 1296 differentia.
835 1231 895 1314 ficit
912 1232 961 1294 ille
975 1233 1095 1314 eximin,
1108 1230 1274 1293 eruditione
1288 1224 1411 1290 motta:
1430 1226 1483 1288 sed
1498 1243 1559 1290 mo

74 1325 263 1412 mseomtoris
278 1331 310 1384 et
326 1325 439 1400 amici,
460 1327 486 1402 4)
514 1333 546 1386 44
572 1320 782 1412 4444444444444
834 1343 905 1390 rom
924 1327 1081 1388 sanctitate
1109 1325 1273 1406 optimoque
1287 1320 1409 1384 vivendi
1425 1319 1557 1381 instincto

73 1420 221 1492 minorum,
234 1423 267 1478 et
281 1416 319 1478 de
334 1416 435 1478 liberis
448 1417 631 1480 educandis:
650 1435 706 1482 oea
721 1433 780 1478 nou
833 1439 893 1482 reon
902 1421 1019 1503 poncia.
1031 1421 1097 1482 Alia
1108 1422 1136 1479 io
1151 1417 1218 1496 ejus
1233 1415 1352 1478 laudem
1372 1417 1477 1475 merito
1487 1429 1559 1474 con-

72 1509 195 1572 litarom
212 1510 350 1590 Numae,
366 1509 541 1586 Alexandri,
560 1512 710 1586 Caesaris,
727 1513 782 1572 Pa·
834 1525 919 1597 gesta
942 1532 960 1576 a
984 1513 1242 1593 praestantissimo
1265 1510 1364 1570 Baelio
1391 1510 1420 1566 in
1439 1497 1556 1567 lexico.

72 1601 123 1678 4444
150 1603 300 1672 4444404444,
332 1603 591 1682 Philopoemenis,
625 1604 780 1680 Flflminii,
874 1595 1217 1687 *Er'epistolisGuarii
1236 1602 1396 1664 nonnullae
1417 1599 1557 1677 vulgatae

71 1695 215 1773 Lysandri,
233 1696 355 1776 syllae,
370 1697 519 1759 Eumenis
530 1692 651 1772 ,4444444
667 1745 674 1776 ,
689 1699 780 1760 Gras-
835 1710 907 1764 sunl
925 1704 953 1762 in
965 1699 1149 1762 'collectione
1179 1697 1374 1779 epistolarum
1405 1695 1554 1756 Francisci

71 1790 101 1862 si,
116 1791 224 1864 ilionis,
241 1805 277 1852 ac
294 1792 397 1852 Bruti:
416 1788 469 1850 sed
484 1795 517 1852 et
534 1791 651 1852 itamari
668 1793 778 1870 vitam,
832 1794 953 1856 Barbari
968 1795 1006 1855 ab
1023 1795 1122 1855 Emin.
1143 1790 1219 1870 dog.
1251 1791 1292 1858 li.
1319 1790 1444 1862 Quirino
1470 1787 1556 1848 ador·
1653 1807 1657 1814 ·

71 1901 139 1960 qaae
170 1887 250 1946 inter
280 1885 431 1972 Plutarchi
453 1886 565 1962 scripta
590 1886 721 1966 legitur,
747 1893 780 1946 44
833 1895 913 1949 nata.
935 1869 1039 1948 'viram
1062 1886 1208 1949 Coriolani
1235 1902 1271 1944 ex
1303 1884 1440 1943 Plutarco
1461 1881 1499 1942 ab
1520 1898 1555 1969 aa

69 1977 226 2056 livagoram
242 1978 393 2041 isocratis.
410 1979 454 2039 lle
470 1979 582 2056 quibus
599 1977 661 2040 dixi
678 1980 708 2040 ln
732 1981 780 2041 lti-
833 1998 953 2042 versam
964 1985 1067 2042 servat
1077 1981 1135 2041 MS.
1151 1978 1225 2038 Cod.
1236 1975 1373 2038 biblioth.
1385 1973 1555 2054 Malatesta-

69 2067 162 2130 bliotlr.
178 2069 294 2132 Graeca
309 2071 359 2132 lib.
375 2072 422 2132 lv.
440 2088 505 2151 cap.
526 2074 604 2133 lll.¹
679 2087 714 2149 j
835 2091 903 2136 rum
915 2067 1556 2136 caesenatensis.sodllssiolioclnilnn

101 2161 131 2240 5)
156 2163 349 2244 Comparatio
375 2163 577 2244 scipionem
606 2165 679 2246 Coji
705 2164 783 2228 lolii
833 2169 987 2230 versitatis
1011 2167 1205 2229 Taurineosis
1224 2162 1282 2226 604
1312 2163 1438 2224 latinus
1453 2167 1556 2222 servat

70 2255 206 2319 Caesaris
219 2274 311 2335 quem
327 2258 458 2336 Scipioni
471 2257 623 2320 Guarinus
636 2261 784 2338 praeiere-
801 2297 804 2304 ·
835 2261 934 2326 adbuc
948 2261 1096 2325 ineditam¹
1106 2259 1229 2321 Guarini
1246 2256 1337 2320 huius
1354 2253 1556 2334 epistolamad

67 2348 121 2421 444,
131 2357 232 2412 contra
247 2352 325 2430 Pogil
341 2351 502 2412 Florealini
518 2354 710 2416 4444444444.
721 2354 783 2415 Nec
837 2357 970 2418 blasium
979 2345 1329 2431 GuasoonemdePoggio
1340 2350 1555 2412 Florentinum.

67 2449 159 2504 44444
176 2443 242 2506 ideo
259 2445 414 2506 desierunt
430 2461 498 2506 esse
510 2448 597 2506 amici
609 2449 782 2524 quinales,
837 2451 872 2511 ln
889 2449 1115 2512 commentariis
1131 2446 1169 2508 da
1186 2445 1246 2506 reb.
1267 2445 1362 2522 gestis
1390 2442 1499 2504 Nicolai
1521 2442 1554 2502 V.

66 2536 261 2616 4444444444,
280 2540 377 2616 inquit
390 2539 498 2617 Poglus
510 2537 695 2620 ,.disjnnctio
714 2555 782 2600 scn-
836 2545 932 2621 Papae
950 2542 1112 2603 vernacula
1128 2542 1229 2619 lingua
1250 2539 1464 2616 allespasiano
1485 2551 1556 2596 cou-

70 2630 221 2692 tenoaraor
232 2629 443 2692 debetomicos
456 2629 643 2712 4444444444,
662 2649 730 2692 enm
747 2630 782 2692 ll·
835 2637 955 2715 scriptis
971 2636 1100 2714 legimus
1116 2635 1282 2696 Guarinum
1297 2630 1556 2692 excommissioae

69 2729 125 2784 reat
138 2723 262 2786 dicem
277 2725 389 2807 sentire
403 2723 488 2787 soloo
498 2726 572 2805 jore
588 2727 748 2803 amicitiae.
834 2731 930 2807 Papae
948 2727 1070 2790 iliadem
1087 2727 1206 2790 Homeri
1226 2743 1265 2786 ex
1282 2726 1395 2785 Graeco
1416 2724 1553 2783 vertisse.

102 2820 128 2893 6)
145 2821 301 2880 invective
316 2819 375 2880 sub
390 2817 529 2880 Andreae
555 2819 704 2898 Aposonis
730 2839 781 2881 44
839 2823 967 2902 Scripsit
981 2829 1013 2882 et
1030 2823 1125 2884 vitam
1143 2821 1174 2882 S.
1190 2817 1338 2880 Ambrosii
1356 2814 1555 2878 4446444444-
1616 2851 1620 2858 ·

68 2911 139 2972 miae
170 2910 320 2974 adversus
350 2911 511 2992 Georgium
541 2915 778 2992 Trapezuntium
836 2916 879 2976 sis
895 2916 1032 2994 Episcopi
1050 2915 1100 2974 vel
1123 2914 1223 2991 potius
1240 2911 1321 2988 illam
1339 2926 1377 2972 ex
1394 2910 1516 2970 Graecis
1537 2925 1556 2972 a

68 3019 148 3079 qmm
165 3006 279 3083 primas
299 3004 416 3066 litteras
437 3004 588 3066 docuerat.
611 3003 685 3066 Vide
712 3007 780 3067 Dia·
835 3025 869 3068 se
884 3007 1041 3074 collectam
1058 3006 1181 3070 iliberto
1195 3005 1379 3068 Sartiaoeosi
1389 3003 1556 3082 praescrip

68 3097 134 3156 rium
156 3096 345 3170 eruditorum
366 3097 468 3160 ltaliae
500 3107 571 3158 tom.
598 3095 677 3160 xvi.
710 3116 779 3179 pag.
811 3103 885 3162 sit.
899 3103 992 3162 Extat
1009 3101 1151 3180 praelatio
1167 3099 1216 3160 illa
1230 3097 1267 3160 ad
1278 3097 1436 3160 Albertum
1450 3097 1555 3156 ineol-

71 3188 140 3266 444,
158 3191 237 3265 tas,
255 3207 321 3269 seq.
404 3227 406 3237 ·
759 3231 763 3240 ·
833 3194 970 3256 lectione
991 3187 1180 3272 quarundam
1211 3191 1404 3270 epistolarum
1432 3187 1555 3252 Guarioi

100 3281 309 3364 ilEpr'slolae,
327 3283 484 3346 Oratioms
500 3292 532 3346 et
547 3284 702 3360 Carmina,
717 3285 781 3348 lau·
834 3305 881 3367 ap.
899 3290 1031 3348 Mariana
1049 3288 1147 3348 veter.
1167 3287 1297 3346 Monam.
1315 3289 1337 3341 4.
1356 3283 1405 3344 444.
1499 3339 1507 3348 ,
1572 3317 1575 3326 .

67 3374 127 3438 data
142 3377 308 3438 trithemio
321 3377 456 3457 444807.
469 3379 658 3456 oonterquae
672 3379 710 3442 de
721 3380 780 3442 illis
863 3384 908 3442 la
925 3381 1033 3444 Codice
1049 3383 1108 3444 llS.
1125 3380 1204 3459 apud
1227 3381 1358 3442 amicum
1376 3393 1477 3442 meum
1495 3379 1556 3436 sio·
1674 3398 1679 3408 ·

68 3475 244 3532 annotantur
275 3474 304 3530 in
329 3472 430 3532 iliario
456 3472 570 3532 Veneto
594 3470 780 3535 eruditorum
834 3475 971 3555 gularem
995 3475 1055 3536 illl.
1073 3477 1212 3536 Martiam
1228 3472 1345 3536 blicheli
1366 3470 1487 3550 majoris
1507 3488 1557 3534 eo-

69 3560 161 3626 talne
178 3570 250 3624 tom.
269 3565 334 3626 Xll.
344 3579 418 3646 pag.
434 3565 493 3625 363
506 3607 514 3640 ,
529 3563 597 3625 369.
834 3569 945 3646 clasiae
960 3571 1098 3631 Lucanae
1115 3569 1298 3632 Canopicum
1314 3571 1399 3650 extat
1418 3564 1556 3629 eiusdem
1613 3609 1615 3615 ι

11 3691 12 3706 .
100 3657 127 3730 4)
151 3653 364 3720 Vocobolorias
391 3653 585 3738 breviloquus
615 3675 685 3719 cum
715 3669 779 3726 arte
833 3660 956 3724 Guarini
986 3662 1022 3724 ad
1051 3661 1252 3724 Marohionern
1281 3663 1432 3722 Ferrariae
1463 3663 1556 3724 oratio

66 3747 294 3828 diphthoogaodi
315 3753 382 3811 sive
402 3749 503 3810 libello
534 3749 570 3811 de
587 3749 780 3813 dictionibus
834 3771 888 3834 pro
911 3757 1060 3818 revocatis
1078 3758 1107 3816 in
1125 3758 1251 3835 gratiam
1280 3757 1426 3818 inimicis:
1449 3757 1556 3832 incipit

69 3857 137 3918 auae
150 3861 221 3904 carn
241 3840 614 3924 dapbtbonqoscribnntnr,
631 3851 663 3904 et
678 3843 716 3904 d'a
729 3861 781 3905 oc-
838 3845 907 3908 ilor’s
923 3864 966 3908 ecc
982 3845 1075 3910 rebats
1091 3855 1149 3910 eto.
1171 3850 1263 3910 Extat
1288 3849 1333 3908 ibi
1358 3850 1470 3926 pariter
1490 3850 1556 3911 cios

69 3936 221 3998 cessandi
234 3943 299 3999 arte
316 3944 347 3997 et
367 3935 541 4018 pnnclandi.
561 3937 650 3997 basil.
682 3935 779 4015 44744,
833 3941 926 4020 oratio
940 3956 993 4018 pro
1006 3939 1135 4017 quodam
1147 3947 1284 4019 praetore
1293 3940 1418 4017 (scilicet
1429 3941 1557 4001 victorio

11 4093 13 4108 ,
70 4028 149 4091 4480.
168 4031 270 4092 Goion.
289 4030 386 4104 4486,
405 4029 452 4091 444.
790 4106 793 4112 ¹
834 4032 999 4111 Bragadioo
1025 4034 1189 4096 Veronensi
1204 4033 1363 4109 Polestatel
1384 4034 1471 4093 cuius
1491 4049 1557 4094 ora-

103 4123 129 4197 0)
149 4122 302 4186 instato
321 4122 363 4184 od
381 4121 597 4202 Hieronymum
614 4121 718 4202 444444.
834 4127 924 4187 tionis
941 4128 1091 4188 'meminit
1114 4127 1247 4206 Diariuro
1280 4124 1466 4186 eruditorum
1488 4127 1553 4186 xli.
1585 4161 1589 4170 ·

104 4217 147 4298 40)
168 4217 260 4280 Notae
277 4219 307 4278 in
330 4214 669 4304 Valeriam-Maximum
683 4223 715 4278 et
731 4217 781 4280 Ci-
835 4220 903 4284 3443.
928 4221 1053 4299 incipit:
1070 4219 1195 4284 memini
1221 4221 1349 4281 Praetor
1375 4216 1556 4298 4444444444

67 4321 195 4370 amnem
208 4309 245 4374 de
254 4308 399 4390 4444444,
409 4318 442 4370 44
454 4309 624 4373 0444444444
630 4327 688 4390 pro
705 4313 779 4373 sea.
833 4320 890 4376 eto.
904 4316 1039 4376 Tertium
1055 4315 1149 4376 estibi
1160 4313 1295 4378 eiusdem
1307 4309 1430 4374 Guarioi
1442 4313 1557 4392 epitha-

68 4401 165 4464 dorcio
833 4407 943 4470 lamias
970 4411 999 4469 io
1023 4409 1167 4472 iacobum
1196 4409 1357 4469 Persicum
1370 4414 1401 4470 et
1422 4407 1556 4470 Gothori·

103 4499 148 4572 ll)
167 4450 366 4569 4444444444
387 4495 551 4579 Polysemis
572 4501 602 4558 et
619 4495 778 4572 Vocabulo-
833 4517 904 4564 nam
921 4503 1119 4580 Peregrinam.
1134 4503 1259 4580 incipit:
1282 4503 1380 4564 Fuere
1393 4499 1534 4564 nonnulli.
1591 4545 1593 4556 .

68 4603 131 4649 nors
146 4587 333 4670 differentias.
873 4596 930 4656 Est
940 4595 1222 4674 insuperaliuarioo
1232 4599 1377 4678 scriptum
1389 4598 1555 4677 proemium

103 4723 129 4787 a)
146 4726 261 4777 niarium
277 4725 397 4777 eruditor.
417 4724 493 4776 ltalia
509 4729 573 4776 tom.
586 4725 638 4776 lili.
657 4735 713 4788 pag.
729 4721 784 4774 bol.
877 4723 903 4785 a)
920 4724 1028 4788 dialogo
1047 4728 1078 4777 ds
1092 4730 1146 4777 444.
1167 4729 1268 4792 lingua
1285 4705 1445 4791 reparatione
1463 4737 1527 4782 tom.
1545 4731 1559 4781 4

64 4803 84 4844 n
94 4799 149 4850 aas.
165 4813 221 4863 req.
466 4835 467 4840 .
832 4801 886 4862 opp
908 4811 969 4862 pag.
982 4799 1037 4851 424.
1275 4799 1277 4802 ’

1174 4909 1213 4972 sl
