3596 5610
679 93 971 180 voionus
1497 109 1555 168 aru

70 214 152 270 tatem
171 207 319 268 Divinam
341 205 773 283 instrucre,quamirorridam
829 183 949 270 difficile
981 206 1114 270 modium
1149 210 1304 286 invenire,
1336 211 1422 272 vobis
1454 217 1556 291 aequi·

70 303 155 362 iuves
165 298 468 360 debeatsententiam
486 297 662 362 fulminare?
672 302 775 364 Nesoi·
830 307 925 362 tatem
942 300 1122 376 zelantibus,
1140 301 1194 364 sed
1210 301 1311 363 zelum
1325 304 1392 362 sine
1414 305 1552 380 scientia,

69 395 104 452 tis
120 393 260 471 quoniam
281 397 313 452 et
333 405 389 450 vos
409 391 520 470 singuli
542 409 634 472 regua
655 394 776 472 singula
830 393 1010 470 obsequium
1036 393 1103 454 sine
1129 395 1256 469 ratione,
1283 395 1464 457 sacrificium
1487 399 1553 456 sine

68 486 204 546 vicinitus
229 479 476 560 obtinetisiuuid
505 486 587 546 euim
616 501 775 563 corporum
832 485 896 550 sale
924 484 1043 546 videam
1073 487 1200 560 olierre,
1226 486 1355 550 libenter
1382 505 1418 548 ac
1446 489 1553 550 libera-

68 584 231 639 vascorum
241 574 446 647 diversitates,
459 575 669 658 nisidiversae
679 579 777 656 regiae
833 579 901 638 liter
923 580 1042 640 veniam
1070 579 1283 660 indulgemus,
1299 580 1443 644 humanis
1474 582 1553 642 arbi.-

67 665 218 732 civitatesi
230 666 302 746 qnid
320 681 432 729 sensus
447 683 607 746 corporum
630 672 687 732 nisi
708 687 776 749 par-
833 676 951 734 traotss
971 671 1118 734 infirmari
1135 689 1206 735 cum
1229 673 1455 735 infirmitatibus
1471 675 1552 753 quod

69 771 109 824 tas
131 761 274 840 regalium
294 756 476 822 civitatum?
493 761 533 822 ibi
552 777 662 842 nempe
690 763 779 826 ratio-
835 763 981 826 insultare
998 781 1067 826 curu
1096 765 1315 830 insultantibus
1337 773 1369 826 et
1396 767 1553 846 indignan-

68 871 129 916 oem
145 869 281 932 regnare,
292 851 482 916 voluntatem
493 853 638 931 villicare,
651 871 779 918 sensua-
834 857 915 918 tibus
932 855 1099 937 indiguum.
1125 859 1215 920 Porro
1241 859 1411 919 visceribus
1437 862 1552 921 vestris

68 949 172 1008 litatem
189 946 307 1006 servire
325 944 470 1007 dominus
491 945 710 1010 dominantium
732 963 781 1008 or·
834 949 986 1028 popularis
1014 951 1233 1029 compassionis
1262 949 1360 1027 gladio
1388 953 1551 1026 sauciatis,

66 1040 179 1102 dinavit.
208 1039 240 1100 Si
269 1038 342 1118 quid
361 1041 390 1098 in
409 1040 599 1102 tumultuosa
628 1055 778 1102 sensuum
833 1048 904 1120 post
932 1044 1038 1104 viuum
1066 1044 1327 1123 compunctionis,
1356 1044 1455 1106 oleum
1482 1060 1553 1106 ooo·

67 1132 145 1192 turba
160 1131 319 1192 seditionis
335 1134 503 1208 emerserit,
515 1132 552 1194 ud
567 1150 695 1195 oxomen
713 1149 780 1212 per·
834 1133 989 1196 solutionis
1005 1135 1160 1213 impertire
1177 1135 1326 1212 volentes,
1338 1137 1481 1208 nolumus
1496 1155 1551 1198 vos

68 1229 136 1286 tinet
151 1225 285 1298 rationis,
303 1223 444 1303 quodque
466 1227 541 1286 ratio
569 1233 652 1288 recta
675 1225 779 1288 decre-
833 1227 969 1306 ignorare
986 1228 1179 1306 magnificum
1206 1229 1407 1290 miserationis
1437 1238 1552 1308 myste-

68 1317 143 1390 rerit,
156 1316 193 1377 ad
210 1318 421 1380 executionem
436 1324 575 1395 spectare
588 1317 777 1398 dignoscitur
832 1321 920 1394 rium,
947 1337 1007 1398 quo
1036 1326 1121 1398 pater
1147 1321 1315 1382 animarum
1345 1324 1427 1384 Deus
1455 1326 1550 1385 totius

68 1409 206 1470 rationalis
235 1409 412 1470 voluntatis.
443 1411 504 1472 Nos
524 1419 628 1474 autem
656 1411 775 1474 mutata
830 1411 1053 1489 consolationis,
1071 1413 1223 1474 miseriem
1239 1415 1373 1492 inopum,
1397 1421 1429 1476 et
1457 1419 1551 1495 gemi-

69 1499 118 1562 ide
137 1501 384 1579 videmusqnod
402 1504 432 1563 in
448 1505 705 1566 vestrisiuternis
723 1520 776 1566 ou·
830 1511 896 1565 tum
931 1521 1098 1584 pauperum
1128 1505 1279 1584 disposuit
1315 1508 1550 1570 misericorditer

67 1595 111 1654 riis
121 1593 237 1670 judices
251 1611 306 1672 pro
318 1594 458 1657 tribunali
478 1611 536 1658 uon
555 1595 775 1676 sedent,reges
829 1597 984 1660 consolari.
1003 1599 1080 1660 Cum
1096 1600 1177 1660 enim
1195 1599 1326 1661 vidualis
1338 1599 1483 1678 ploratus,
1495 1619 1550 1682 pu·

67 1688 93 1746 in
106 1688 280 1750 consistorio
295 1705 354 1750 ooo
368 1691 550 1767 consistunt,
566 1689 619 1752 sed
635 1697 776 1753 nutster-
830 1689 968 1767 pillarum
982 1691 1117 1754 ululatus
1134 1693 1164 1752 in
1181 1697 1378 1771 conspectum
1398 1693 1552 1756 introisset

69 1785 127 1840 tuot
148 1781 176 1840 in
199 1779 384 1859 diversoriis,
398 1789 452 1844 aut
467 1785 572 1844 otiosis
593 1784 704 1847 studiis
725 1801 775 1844 oc-
831 1783 935 1862 ipsius,
951 1787 1103 1848 excitat-us
1118 1793 1263 1864 tauquam
1281 1785 1449 1856 dormiens,
1467 1788 1551 1848 Deus
1599 1794 1604 1816 ⁸

67 1881 212 1950 cupentur.
231 1874 328 1938 villici
342 1888 416 1936 vero
426 1877 525 1955 regali
545 1878 690 1958 patientia
703 1877 777 1940 abu·
830 1879 963 1939 excitare
979 1877 1115 1940 decrevit
1126 1879 1356 1940 somnolentiam
1368 1881 1457 1959 regis,
1470 1881 1550 1942 circa

67 1964 155 2040 undo,
177 1973 248 2046 post
268 1970 542 2046 concupiscientias
560 1977 777 2062 curruntoec
831 1987 934 2032 curam
952 1973 1041 2050 regis,
1060 1971 1117 2034 sub
1134 1970 1256 2031 borrore
1286 1972 1411 2032 visionis
1430 1965 1550 2034 noctur·

68 2057 150 2120 Deum
169 2061 323 2136 timentes,
342 2077 398 2122 uec
416 2062 568 2124 hominem
589 2068 775 2126 reverentes.
832 2079 898 2138 nae,
915 2063 1078 2124 salutarem
1097 2065 1254 2124 insinuans
1270 2062 1470 2141 disciplinam,
1483 2081 1550 2126 coe·

72 2151 294 2232 Vulgusauiem
308 2153 472 2218 brutalium
490 2163 637 2234 motuum,
657 2157 777 2220 indisci-
831 2156 899 2217 testi
916 2155 1093 2235 providente
1116 2156 1250 2232 consilio,
1272 2163 1307 2216 ut
1328 2156 1408 2235 quod
1429 2158 1459 2216 in
1483 2157 1550 2220 luce
1646 2168 1651 2177 ‘

71 2244 216 2324 plicatum,
238 2245 421 2310 indomitum
438 2257 470 2310 et
487 2250 652 2329 indoctum,
678 2252 776 2314 unita-
831 2245 968 2322 latuerat,
996 2249 1026 2308 in
1054 2249 1188 2310 tenebris
1208 2257 1386 2328 appareret:
1413 2251 1461 2310 ovb'
1484 2249 1550 2310 dies

70 2345 122 2399 tem
132 2339 249 2414 scindit,
262 2339 354 2402 tidem
372 2341 492 2422 trangit,
504 2343 775 2426 proximusprodit,
830 2359 890 2404 non
908 2341 1057 2416 illuxerat,
1072 2359 1129 2402 oon
1148 2343 1213 2422 ipsa
1226 2339 1383 2417 diesceret,
1400 2342 1481 2421 quod
1504 2345 1548 2402 vi-

71 2429 168 2492 lamam
185 2431 298 2508 laedit,
326 2433 472 2496 bonorem
498 2435 657 2516 dirumpit,
677 2443 709 2498 et
728 2454 776 2498 ar·
829 2435 915 2513 giltas
932 2451 991 2495 uon
1008 2435 1161 2496 dormiens
1178 2451 1239 2496 nou
1257 2437 1396 2510 nesciret,
1406 2442 1438 2496 et
1459 2453 1551 2514 quam

71 2526 206 2587 euntium
227 2527 396 2606 impunitas
424 2529 507 2590 vitae
532 2535 650 2592 tantum
666 2532 776 2592 erroris
830 2527 895 2592 dies
909 2525 967 2588 diei
983 2545 1043 2589 nou
1057 2533 1260 2603 eructaverat,
1278 2545 1337 2590 nox
1356 2530 1437 2590 nocti
1452 2530 1551 2590 scien·

69 2617 159 2680 incitat
178 2624 210 2678 et
237 2618 380 2680 incendit
409 2620 611 2692 Quamobrem
635 2624 773 2686 internus
829 2623 902 2682 tiam
920 2619 1074 2682 indicaret.
1091 2620 1208 2700 Quippe
1222 2621 1415 2699 corpulentas
1432 2622 1548 2684 bestias

70 2710 222 2786 specierum
252 2711 357 2789 locus,
388 2713 538 2774 virtutum
566 2713 675 2776 bertus
703 2731 775 2776 cou-
830 2713 1022 2788 macilentis,
1039 2719 1071 2774 et
1088 2714 1188 2792 spicas
1210 2710 1352 2792 gravidas
1372 2713 1410 2773 eb
1433 2712 1551 2775 adustis

12 2851 13 2854 ,
66 2801 157 2863 clusus
170 2802 331 2865 evidenter
346 2811 480 2884 apparet,
497 2805 575 2868 aiter
587 2823 661 2886 ager
679 2807 776 2870 homi·
831 2809 988 2886 absorptae
1014 2807 1169 2868 somnians
1192 2804 1276 2880 vidit,
1294 2805 1403 2866 videns
1423 2807 1550 2884 stupuit,

68 2895 108 2954 nis
121 2897 201 2976 pigri,
217 2895 316 2958 altera
329 2899 419 2958 vinea
437 2899 494 2958 riri
511 2898 608 2974 stulti,
620 2900 669 2964 ubi
690 2903 776 2962 vioe-
831 2909 960 2980 stupens
972 2899 1551 2978 nostrumsuffragiumaccsrsirit,quod

34 2995 37 3003 ·
69 2991 123 3048 tum
135 2987 344 3065 jucunditatis,
362 2995 496 3052 rosetum
514 2993 675 3070 patientiae
689 2992 778 3072 dege·
832 2993 933 3055 divina
951 2993 1141 3054 institutione
1159 2992 1276 3052 formati
1303 2989 1342 3052 ad
1366 2990 1551 3052 relormatio-

67 3097 159 3142 nerare
169 3081 278 3143 vident
290 3083 319 3142 in
330 3083 493 3144 susbtatis
508 3085 662 3163 spinetum
676 3091 709 3146 et
716 3087 779 3166 jm-
832 3105 903 3150 nem
929 3088 1042 3164 regiam
1059 3086 1211 3164 pertinere
1226 3089 1366 3162 patenter
1383 3084 1551 3164 propalavi-

68 3176 213 3251 patientiae
247 3176 420 3236 urticetum.
450 3177 529 3238 ilaec
557 3193 663 3239 revera
690 3178 776 3240 nobis
832 3197 910 3256 mus,
927 3179 1126 3240 testificantes
1151 3177 1260 3248 eidem,
1287 3178 1330 3238 sio
1358 3179 1550 3240 curiositates

68 3272 157 3329 restra
174 3268 317 3347 patelecit
333 3269 469 3347 epistola,
493 3277 667 3334 vestrorum
687 3273 776 3332 testis
830 3274 869 3336 ab
880 3275 1012 3350 incuriis,
1025 3274 1072 3334 sic
1081 3271 1281 3333 adulatoresa
1296 3269 1551 3334 detrectatoribus
1584 3285 1588 3296 ·

66 3367 265 3444 conceptuum,
277 3363 426 3440 interpres
444 3364 657 3438 intentionum,
670 3365 776 3424 nuntia
828 3367 954 3439 destrui,
969 3367 1047 3428 sicut
1062 3365 1151 3426 bruta
1169 3363 1307 3437 abrutis,
1325 3364 1404 3424 sicut
1420 3365 1551 3443 spicosa

67 3453 257 3518 voluntatum.
278 3453 357 3526 Quid
385 3455 477 3535 igitur
498 3457 528 3516 in
548 3457 656 3518 alienis
681 3456 777 3518 oculis
831 3461 922 3539 spicis
939 3459 1078 3537 dissipari
1098 3455 1215 3518 viderat
1229 3462 1261 3516 et
1274 3454 1414 3534 discerpi,
1436 3458 1484 3518 cui
1505 3475 1552 3520 re-
1626 3497 1646 3540 ·.

67 3549 252 3612 consideratis
269 3549 412 3624 festucas,
429 3551 482 3628 qui
497 3551 646 3610 tamenin
666 3551 778 3610 vestris
832 3559 922 3632 pente
935 3552 1126 3616 curiositates
1143 3546 1302 3626 abjuranti,
1321 3549 1453 3610 incurias
1467 3550 1550 3612 abdi-
1589 3581 1592 3588 ·

67 3641 158 3704 trebes
174 3643 392 3722 recognoscitis
406 3659 463 3704 vos
476 3639 617 3723 gestare?
630 3637 778 3722 Equidem
832 3647 913 3709 cunti
927 3652 959 3708 et
975 3642 1141 3723 repudiatis
1157 3641 1240 3703 curis
1256 3639 1426 3703 brutalibus
1447 3642 1486 3706 ad
1498 3661 1552 3707 cu·

66 3729 202 3796 humanae
219 3734 405 3798 infirmitatis
421 3746 469 3796 est
487 3738 518 3796 in
536 3738 585 3797 via
597 3751 717 3798 morum
731 3753 780 3797 ar·
832 3757 882 3802 res
895 3739 1057 3810 rationales
1073 3735 1228 3798 anhelanti
1249 3736 1329 3797 viam
1354 3736 1551 3814 patelecimus

67 3837 132 3902 rare,
147 3827 200 3889 scd
216 3827 428 3890 obstinationis
444 3828 617 3904 diabolicae,
642 3846 776 3892 errorem
832 3837 964 3912 regiam,
986 3831 1121 3910 regulam
1152 3829 1357 3890 reseravimus
1378 3831 1549 3908 regiualem.

67 3921 188 3996 agnitum
217 3937 279 3982 nou
301 3923 407 3984 vitare.
427 3922 512 3984 Unde
532 3925 675 3986 nimirum
688 3922 778 4001 justi·
832 3929 1061 4002 consequenter
1089 3924 1186 3984 lamae
1206 3918 1357 3998 iacturam
1391 3923 1552 4001 supplere,

66 4011 101 4071 tia
114 4017 203 4075 errori
220 4015 361 4094 compati,
379 4015 417 4076 fla
434 4017 464 4092 a)
480 4032 552 4077 vero
569 4017 647 4077 solet
673 4031 777 4100 eman-
831 4019 939 4080 borum
968 4016 1117 4078 maculam
1146 4013 1265 4076 abolere
1285 4018 1318 4072 et
1335 4012 1442 4074 duram
1467 4016 1552 4075 mali-

67 4101 139 4166 tibns
157 4107 324 4188 indignari3
350 4124 406 4169 vos
432 4115 536 4171 autem
557 4125 614 4170 uec
645 4109 777 4188 compla—
831 4114 904 4172 tiam
922 4108 1070 4170 redimere
1087 4106 1248 4185 satagenti,
1264 4104 1434 4165 luculenter
1450 4113 1551 4168 osten·

67 4205 161 4261 centes
174 4202 341 4264 infirmitati
357 4202 467 4280 regiae,
485 4219 544 4264 nou
560 4203 692 4264 curastis
703 4217 775 4264 cum
828 4220 882 4278 so,
899 4200 979 4281 quod
997 4202 1151 4262 incassum
1167 4197 1244 4260 labia
1264 4195 1454 4258 detrahentia
1468 4201 1552 4262 cohi-

68 4289 199 4355 redocere
223 4295 255 4354 in
283 4296 424 4374 spiritum
447 4294 700 4369 mansuetudinis,
722 4293 776 4356 sed
833 4298 903 4358 bare
920 4300 1072 4368 tentaret,
1087 4294 1145 4354 nisi
1173 4290 1369 4353 adulantibus
1398 4290 1483 4352 labiis
1502 4310 1552 4356 ce-

69 4381 95 4442 iu
110 4385 204 4462 ipsum
222 4388 420 4450 intremuistis
444 4387 589 4452 dentibus
611 4389 775 4452 iolrunitis.
834 4407 919 4451 reum
937 4388 1068 4468 sigillum
1087 4385 1252 4448 adhiberet.
1269 4385 1337 4445 tior
1354 4381 1392 4443 de
1409 4385 1500 4463 regali
1517 4387 1552 4448 li·
1632 4391 1638 4400 '

69 4473 122 4536 iios
134 4484 311 4542 tamennon
333 4483 527 4543 immemores
546 4482 628 4559 quod
650 4484 778 4543 virtutes
832 4484 951 4561 centia,
968 4481 1006 4543 de
1024 4479 1145 4560 speciali
1161 4477 1326 4550 mandato,
1342 4479 1371 4538 in
1395 4475 1503 4540 chamo
1519 4488 1550 4542 st

70 4567 165 4632 civiles
189 4575 219 4632 in
247 4575 390 4636 vitiorum
414 4573 512 4636 medio
536 4578 777 4648 conversantur,
833 4577 916 4637 lieno
933 4575 1133 4654 competentis
1159 4589 1209 4633 cor
1230 4571 1354 4632 rationis
1371 4575 1551 4634 constrinxi-

71 4661 141 4737 quod
162 4665 245 4728 lacile
266 4669 307 4728 sit
326 4667 450 4730 deviare
469 4683 489 4728 a
508 4666 607 4728 medio
623 4711 629 4744 ,
646 4673 678 4728 et
697 4667 776 4746 quod
833 4684 902 4730 mus
932 4667 1140 4747 magniloquas
1164 4665 1369 4728 adulationum
1403 4668 1550 4742 maxillas,

106 4779 129 4841 ι)
145 4782 258 4838 retusi..
833 4778 914 4826 nuuc
929 4764 959 4822 in
973 4767 1094 4824 vestrae
1115 4757 1308 4822 desolationis
1333 4761 1549 4840 mitigationem

1781 297 1783 328 l

1781 433 1783 474 l

1781 795 1783 832 l

1781 835 1783 870 l
