3562 5582
440 365 843 491 neveranmssrmo
866 422 1021 514 huone
1046 374 1368 494 naunrmssmo
1392 369 1502 492 vino

581 659 584 672 ,
676 545 887 648 narce
932 544 1285 684 sanzano

387 706 420 772 li.
447 704 567 792 lirici,
591 702 864 801 Archiepi'scopi
889 704 1011 802 Upsal.
1037 709 1074 774 F.
1101 703 1396 804 Gothoburgensi
1422 727 1557 802 nuper,

928 849 1055 903 nusscv

621 907 997 1036 bracarensi
1039 951 1338 1019 nrrsuoro

863 1059 1089 1162 dignissimo.

633 1417 706 1494 ιο.
739 1312 1020 1496 Αιιιιιιιὸιιῐέ
1049 1413 1326 1497 rhammus

285 1537 380 1658 Non
402 1597 520 1662 tantum
544 1602 617 1662 mihi
639 1619 755 1683 arrogo,
765 1603 831 1666 vlit
847 1602 1180 1668 anvnuunnrsslhu
1195 1650 1203 1681 ,
1221 1609 1255 1666 nt
1274 1605 1462 1683 gravioribus
1482 1606 1523 1665 Te
1550 1605 1627 1666 curis
1646 1619 1693 1663 va-

169 1719 178 1744 ‚
243 1695 385 1766 cantem,
406 1691 567 1772 sacrisque
588 1703 619 1756 et
639 1697 756 1757 Divinis
777 1703 839 1760 tam
862 1699 939 1759 lelici
975 1697 1125 1762 connubio
1155 1696 1334 1778 jungentem
1354 1696 1515 1776 elegantias
1534 1713 1568 1759 ac
1588 1695 1692 1756 cultum

243 1784 401 1848 meliorum
422 1792 616 1867 temporum,
636 1804 764 1851 avocare
785 1793 944 1853 instituam
965 1809 1072 1854 eorum
1093 1792 1282 1871 Scriptorum
1304 1787 1554 1870 interpellatione,
1575 1803 1691 1866 quorum

241 1878 402 1958 plerosque
424 1883 534 1942 aetatis
554 1899 648 1957 snae,
670 1900 730 1961 qua
751 1885 896 1946 vixerunt
916 1887 1008 1962 vitio,
1030 1901 1133 1948 rerum
1155 1883 1256 1948 rudior
1286 1883 1479 1963 intelligentia
1504 1889 1535 1945 et
1554 1882 1690 1944 sermonis

240 1969 408 2034 domestica
428 1974 575 2052 quaedam
598 1976 751 2038 barbaries
772 1971 945 2040 inlusoavit
968 1979 1027 2042 Sed
1046 1978 1226 2087 jampridem
1243 1984 1363 2040 exstare
1379 1978 1459 2040 volni
1476 1975 1694 2039 mouumentum
1773 2051 1775 2058 Α

242 2067 365 2147 aliquod
387 2070 543 2149 publicum
566 2089 651 2135 meae
672 2075 703 2134 in
724 2076 766 2136 Te
786 2075 1018 2148 observantiae,
1038 2074 1190 2152 animique
1211 2087 1229 2134 a
1249 2069 1381 2134 multis'
1370 2088 1432 2148 Janr
1453 2072 1540 2132 annis
1558 2069 1618 2133 Tibi
1646 2066 1691 2129 de·

241 2160 402 2239 ditissimi,
423 2167 483 2224 et'
476 2170 592 2228 incensi
613 2184 716 2230 amore
737 2169 866 2230 Virtutis
886 2175 978 2248 atque
999 2166 1176 2228 eruditionis
1198 2166 1289 2228 Tuae.

256 2257 446 2319 ·Enimvero
468 2259 560 2320 medii
582 2262 674 2322 etiam
697 2267 729 2322 et
750 2263 845 2324 infimi
878 2264 945 2324 aevi
976 2267 1117 2323 auctores
1149 2261 1310 2323 universos
1337 2275 1423 2320 sano·
1429 2233 1572 2336 doctoque
1588 2254 1688 2333 jndicio

240 2351 304 2413 Tuo
325 2354 502 2432 neutiquam
525 2352 753 2432 adspernandos
773 2357 890 2434 videri,
912 2357 986 2418 satis
1008 2353 1160 2435 superque
1181 2351 1397 2416 demonstrasti
1416 2351 1572 2430 praeclaris
1595 2347 1629 2410 ad
1647 2350 1690 2407 lo·
1706 2343 1711 2352 '

239 2447 328 2508 annis
348 2446 505 2520 Vastovii,
526 2447 635 2526 Gothi,
658 2449 757 2512 Vitem
779 2450 961 2529 aquiloniam
981 2451 1079 2524 notis,
1100 2455 1133 2510 et
1152 2448 1249 2531 magis
1266 2449 1381 2508 etiam·
1375 2464 1404 2507 ιιι
1421 2452 1500 2507 tomo
1516 2444 1686 2522 Scriptorum

239 2539 547 2618 Septentrionalium,
569 2557 659 2618 quem
681 2556 699 2602 a
721 2541 791 2604 Te
781 2544 858 2620 Jussi
880 2559 989 2606 sumus
1009 2547 1207 2622 exspectare,
1227 2557 1262 2602 es
1282 2529 1550 2603 demonstraturus.

279 2633 335 2693 Est
357 2638 513 2712 praeterea
533 2635 608 2695 ratio
628 2636 751 2716 propria
767 2653 802 2698 ac
823 2637 992 2716 peculiaris,
1013 2653 1091 2716 quae
1111 2651 1259 2715 praesens
1272 2636 1369 2702 suasit
1384 2632 1528 2696 volumen
1547 2634 1686 2710 peramdo

211 2771 215 2780 .
239 2743 274 2787 ac
295 2725 474 2788 Venerando
495 2726 612 2788 Nemini
635 2731 699 2792 Tuo
712 2746 729 2790 a
744 2746 792 2792 me
806 2732 984 2792 consecrari.
1004 2731 1080 2792 Nam
1095 2745 1166 2790 oum
1189 2727 1318 2790 necdum
1340 2728 1443 2789 tulerit
1461 2725 1573 2786 occasio
1591 2722 1685 2784 ollerre

241 2819 306 2879 Tibi
320 2819 431 2898 ‚quod
452 2819 570 2924 pridem
592 2824 757 2902 gestiebam
779 2825 897 2900 lacero,
913 2824 1069 2887 Aratorem
1091 2823 1236 2896 Poetam‚
1257 2837 1348 2900 quem
1369 2820 1508 2881 collatum
1528 2832 1594 2878 oum
1620 2815 1685 2874 insi·

238 2911 288 2990 gni
298 2909 418 2974 Codice
439 2910 500 2972 llS.
521 2912 552 2971 iu
573 2915 705 2994 acceptis
737 2932 755 2975 a
782 2916 822 2976 Te
853 2921 1013 2995 computo:
1036 2915 1137 3000 saltim
1167 2909 1284 2975 huncce
1311 2916 1437 2976 Turnum
1468 2910 1627 2972 necessario
1649 2905 1683 2967 ad

121 3075 129 3088 ⁶
237 3005 279 3066 Te
300 3003 500 3084 ablegandum
521 3005 615 3084 duri,
638 3011 667 3068 in
689 3026 750 3088 quo
780 3011 863 3090 typis
890 3012 1077 3088 exscriptum
1111 3007 1175 3068 Tibi
1207 3005 1339 3086 rependo
1373 3005 1606 3086 supplementum
1629 3017 1684 3061 mo

237 3098 310 3160 ralis
330 3100 439 3160 somnii
461 3095 641 3176 Pharaonis,
663 3102 743 3178 quud
764 3121 803 3164 ex
825 3103 934 3166 Codice
955 3103 1140 3182 descriptum
1159 3101 1326 3180 Upsaliensi
1343 3100 1469 3178 benigne
1485 3113 1599 3158 mecum
1613 3109 1685 3155 cnm·

239 3194 395 3256 muniente
417 3200 488 3254 ante
510 3193 614 3273 plures
635 3213 733 3258 annos
753 3197 899 3277 dignatus.
915 3215 950 3260 es
969 3213 1039 3258 cum
1060 3194 1197 3258 biblioth.
1220 3195 1300 3256 illius
1325 3191 1565 3274 opulentissimae
1591 3201 1685 3250 curam

237 3303 376 3367 genereo,
398 3303 506 3366 magna
527 3303 598 3351 cum
620 3289 727 3366 laude,
749 3291 909 3371 studioque
926 3288 1090 3352 incredibili
1107 3305 1171 3352 rem
1186 3288 1362 3350 litterariam
1379 3284 1506 3365 augendi
1518 3289 1548 3345 et
1561 3278 1683 3343 ornandi.

276 3382 355 3459 ltogo
376 3383 467 3459 igitur
488 3383 706 3462 vehementer,
724 3392 759 3447 ut
778 3400 870 3464 quern
891 3392 976 3465 grata
996 3391 1099 3446 mente
1117 3381 1179 3462 jam
1200 3384 1272 3446 Tibi
1294 3379 1387 3444 odero
1408 3379 1514 3440 librum
1535 3376 1627 3450 bunc,
1641 3388 1685 3432 ac-

118 3455 120 3460 *
235 3475 367 3554 cipiasa
392 3491 441 3535 me
463 3477 574 3555 pignus
595 3484 735 3540 mutuum
761 3481 873 3542 amoris
892 3485 924 3538 et
944 3479 1152 3539 observantiae
1187 3477 1217 3537 in
1250 3477 1291 3536 Te
1317 3490 1413 3535 meae·
1435 3485 1540 3549 meque
1560 3468 1607 3548 qui
1630 3479 1686 3526 am·

235 3567 325 3646 plecti
348 3569 389 3630 Te
411 3583 446 3628 ao
466 3570 606 3630 venerari
624 3585 684 3630 non
706 3568 842 3632 desinam
855 3587 972 3650 ‚porro
993 3570 1104 3631 babeas
1124 3573 1219 3632 amori
1239 3571 1302 3633 Tuo
1323 3563 1570 3630 commendatum.

275 3657 377 3720 DEUS
397 3674 433 3719 ao
464 3658 608 3721 Servatur
637 3660 845 3739 Summusque
865 3663 1034 3744 Episcopus
1064 3666 1235 3726 animarum
1265 3668 1449 3736 nostrarum,
1469 3655 1632 3720 Praesulem
1650 3651 1687 3712 Te

234 3769 290 3832 per
311 3751 425 3812 multos
446 3753 636 3815 insecuturos
656 3771 753 3815 annos
780 3757 899 3835 publico
919 3757 1072 3820 Ecclesiae
1092 3763 1125 3818 et
1145 3757 1270 3819 Sveciae
1297 3757 1376 3816 Tuae
1397 3743 1472 3816 bono
1499 3765 1614 3832 praesse
1633 3745 1688 3808 leli·

241 3848 318 3907 citer
330 3851 450 3924 ,atque
472 3847 590 3925 integra
611 3848 807 3926 valetudine,
829 3852 979 3930 rebusque
1000 3853 1151 3932 prosperis
1170 3867 1206 3913 ao
1237 3847 1416 3931 pollentibus
1432 3849 1550 3926 longam
1570 3847 1685 3906 aetatem

236 3942 278 4002 rei
300 3940 463 4000 litterariae
483 3938 584 4002 decori
605 3957 674 4004 esse
691 3941 815 4022 jubeat,
837 3951 878 4006 nt
897 3952 930 4006 et
949 3946 1103 4008 Philonem
1126 3946 1227 4009 studio
1249 3945 1430 4007 illustratum
1452 3943 1533 4017 Tuo,
1553 3945 1584 3999 et
1601 3934 1688 4010 scrip

274 4041 374 4096 torum
402 4032 539 4130 syllogcn
562 4035 868 4116 septentrionalium,
891 4046 982 4122 atque
1004 4042 1060 4102 alia
1081 4037 1185 4102 divitis
1213 4037 1385 4117 solidaeque
1411 4035 1561 4096 doctrinae
1581 4033 1653 4092 roae

334 4122 532 4191 monumenta
559 4129 700 4192 evolvere
731 4134 820 4194 nobis
848 4133 1040 4196 concedatur.
1068 4133 1140 4196 Vale
1166 4133 1232 4195 Vlll
1260 4124 1597 4192 liEliEllENlllSSlllE

511 4224 621 4304 Scripsi
652 4226 872 4304 hamburgill.
895 4227 956 4293 Cal.
977 4228 1096 4290 Octobr.
1117 4225 1153 4288 Α.
1176 4227 1209 4290 C.
1229 4225 1438 4291 otolnccxxxv.
