3608 5604
702 7 1030 72 tunovlctts
1556 9 1616 72 569

91 132 241 202 Ι333333
256 119 303 179 47.
320 118 563 196 atqueanouymi
577 116 648 178 diss.
661 116 845 197 detempore
901 117 970 178 edit.
1006 133 1187 198 novaepag.
1217 113 1394 176 44474443
1423 115 1500 192 4449
1529 117 1615 188 4457.
1688 136 1693 144 ·

126 228 187 288 quo
201 211 314 274 Gallica
340 212 440 290 lingua
471 212 607 290 vulgaris
625 227 693 272 essa
714 215 846 290 coeperit
901 212 1102 283 Quaafflautem
1125 225 1215 288 supra
1238 225 1303 287 pag.
1325 206 1384 268 567
1407 209 1436 266 43
1462 208 1617 288 43434343

129 307 158 362 43
183 304 275 364 libro:
293 305 492 383 Singularitas
512 304 695 382 historiques
715 313 746 364 et
767 304 848 366 litte-
901 304 1078 382 Augustano
1098 305 1221 378 notavi,
1243 300 1408 362 ostendunt
1429 300 1546 362 admitti
1571 310 1615 364 te-

129 399 244 472 raires,
267 400 348 459 Paris
371 397 448 458 4744
472 399 509 459 44
530 415 596 478 333.
615 399 683 459 444.
902 413 985 459 mera
1015 414 1074 458 non
1102 413 1211 477 33333,
1232 398 1343 474 Regem
1378 394 1458 456 hunc
1487 398 1616 473 primum

170 491 384 554 tunovtctts
407 492 442 552 ll.
464 491 595 552 lotharii
623 494 655 552 F.
683 492 852 570 Imperator
904 493 1016 555 434333.
1036 493 1087 570 qui
1110 481 1286 552 solennibus
1306 491 1477 551 cerimoniis
1500 488 1619 551 Sanctis

128 583 166 644 ab
188 585 247 645 Au.
267 585 327 646 856
347 585 383 646 34
407 584 476 652 874,
495 586 590 646 43433
607 586 848 648 constitutiones
902 584 1072 663 adscriptus
1094 575 1197 659 luerit,
1219 589 1253 644 ut
1275 582 1404 644 traditur
1425 585 1454 643 io
1472 585 1619 662 llenagie·

128 677 276 755 quaedam
295 677 373 757 apud
395 677 581 740 Goldaatum.
599 679 733 758 Epistola
750 679 848 758 apoto
904 680 951 737 nis
972 685 1044 738 tom.
1065 679 1094 738 4.
1116 695 1182 756 333.
1206 678 1263 738 469
1285 683 1316 737 34
1336 683 1409 738 tom.
1427 676 1457 738 t.
1475 694 1540 756 pag.
1563 677 1618 739 453

128 773 223 848 334433
242 772 279 834 34
300 762 443 834 Basiliam
465 775 679 851 lmperatorem
701 775 848 834 Constan-
903 771 1098 850 Proqmotieo
1114 765 1234 833 Sanctio
1251 772 1288 832 de
1306 769 1495 831 libertatibus
1516 771 1621 831 Eccle-

130 865 378 942 neopolitanam,
400 866 479 944 apud
502 859 772 927 BeroniumadA.
788 867 847 926 375
903 864 965 924 3433
994 865 1165 928 0344433333
1195 882 1244 925 an.
1267 863 1353 925 4468.
1378 866 1405 922 43
1429 863 1619 924 bibliothecis

128 973 158 1016 u.
182 959 228 1020 54.
251 966 283 1018 34
303 959 381 1038 3334
405 958 556 1022 Andrearn
578 960 619 1020 43
637 959 847 1022 chasuetum
903 960 1044 1034 Petrum
1067 965 1100 1020 ut
1135 966 1196 1019 tom
1229 958 1308 1023 Xlll.
1330 957 1422 1019 03433
1435 956 1619 1038 ,subjuncto

128 1049 157 1124 3,
179 1067 246 1129 333.
269 1053 338 1112 554.
463 1047 468 1057 “
714 1069 717 1076 ·
899 1048 1021 1129 [oedem
1038 1068 1106 1112 eum
1123 1049 1298 1132 Ropmoado
1324 1051 1387 1110 Vll.
1409 1050 1521 1112 033343
1541 1048 1622 1109 Tolo-

169 1144 326 1205 Coronatio
344 1144 634 1225 LUDOVlClllegis,
646 1144 741 1208 033344
760 1147 846 1208 Calvi
901 1160 982 1204 sono
988 1152 1142 1224 ,3343333
1164 1145 1371 1228 Albigapsium
1395 1144 1521 1221 ideoque
1542 1143 1621 1203 dieto

128 1227 187 1295 lilii
202 1253 250 1297 33.
272 1238 342 1298 877.
362 1239 463 1318 3334
472 1239 644 1301 Andream
654 1239 695 1301 43
727 1240 846 1303 043333
902 1191 1027 1299 Ariano:
1049 1247 1081 1300 34
1103 1241 1131 1298 43
1155 1243 1246 1299 tomis
1267 1239 1467 1300 Coraciliorum
1490 1243 1520 1296 et
1541 1236 1620 1314 apud

130 1336 202 1390 tom.
225 1331 253 1390 4.
277 1348 344 1409 333.
367 1331 435 1393 473.
749 1350 753 1359 3
902 1330 1096 1402 Edmundum
1115 1331 1285 1393 Rioberium
1305 1331 1353 1392 ub.
1376 1333 1403 1392 3
1424 1333 1491 1390 4434.
1510 1331 1621 1392 033344.

170 1425 444 1486 [4404404844.
456 1422 599 1503 4333333,
611 1427 696 1488 343.
713 1427 846 1490 434434
901 1426 1116 1505 3333334333.
1145 1425 1430 1488 manauerint
1459 1442 1524 1503 333.
1554 1424 1620 1485 449.

132 1517 217 1579 4346.
250 1521 377 1598 lmperio
411 1521 562 1598 praefuit,
598 1523 664 1582 eius
685 1521 846 1600 diplomata
902 1518 1006 1579 Plures
1023 1508 1182 1597 33443433,
1199 1511 1440 1590 constitutiones,
1458 1517 1622 1578 laetamen

28 1622 32 1632 '
129 1612 276 1718 quaedam
299 1615 378 1693 apud
399 1617 545 1676 loannem
564 1615 684 1675 Petrum
702 1614 846 1695 Ludenrg
902 1616 965 1672 tum
990 1611 1069 1690 apud
1091 1611 1183 1674 Andr
1205 1612 1246 1674 du
1263 1601 1387 1674 Cliesue
1410 1618 1481 1672 tom.
1504 1611 1521 1670 4
1549 1611 1623 1670 3334-

129 1705 160 1764 43
182 1707 317 1785 reliquiis
339 1711 452 1768 veteris
479 1709 546 1768 aevi
578 1715 659 1768 tomo
692 1707 845 1784 secundo,
900 1714 977 1785 3433.
998 1705 1035 1765 43
1057 1707 1147 1767 rebus
1165 1709 1369 1767 Francorum.

129 1805 161 1859 34
181 1799 259 1879 3334
291 1793 454 1863 Annalium
486 1803 648 1881 scriptores
680 1804 846 1880 bzovium,
942 1799 1122 1863 tuuovtcr
1140 1802 1187 1878 lV.
1210 1800 1402 1862 transmarini
1425 1801 1513 1877 443343
1531 1799 1622 1858 Fran-

128 1893 335 1972 Raynaldum,
357 1896 512 1957 baluzium
536 1902 608 1958 tom.
630 1897 658 1957 4.
685 1895 846 1956 4443334433.
901 1910 1004 1955 corum
1032 1893 1194 1971 diplomata
1222 1893 1370 1972 quaedam
1392 1893 1427 1952 A.
1456 1893 1524 1952 sta
1552 1893 1619 1953 950.

130 1994 187 2048 etc.
211 1979 265 2046 sed
287 1987 418 2067 343334
440 1988 639 2064 Goldastunr,
661 1989 847 2065 Freberum,
901 1987 1043 2066 leguntur
1065 1989 1094 2047 43
1116 1990 1230 2050 baluzii
1250 1987 1415 2067 appendice
1435 1986 1473 2048 ad
1491 1987 1618 2046 Marcam

131 2085 162 2138 et
184 2080 212 2138 in
234 2081 359 2140 ioannis
375 2079 492 2160 Georgii
511 2083 658 2142 llerwarti
676 2082 713 2142 ab
730 2082 846 2144 43433-
903 2081 1091 2159 Hispanicam
1114 2099 1180 2161 pag.
1202 2081 1271 2142 855.
1293 2082 1362 2142 864.
1385 2081 1454 2140 863.
1476 2081 1544 2140 ato.

129 2171 206 2250 4333
226 2174 377 2244 Ludovioo
399 2176 445 2234 lV.
468 2181 572 2240 contra
593 2177 694 2236 Bzovii
723 2177 846 2239 iniurias
942 2173 1157 2237 LUDOVlCUS
1182 2173 1385 2248 Alamannus,
1413 2172 1520 2233 nobilis
1547 2175 1623 2234 liur-

130 2267 275 2343 4343333,
295 2268 441 2340 43333444
463 2269 541 2330 4648
564 2270 591 2330 4.
606 2269 713 2330 433344
731 2271 846 2350 44433444
900 2267 1037 2345 333433,
1054 2269 1226 2329 Canonicus
1242 2268 1398 2345 4433343343
1419 2284 1457 2326 ex
1474 2267 1624 2346 Episcopo

131 2359 207 2421 4333
228 2378 318 2439 33333
340 2361 481 2434 Ludovioi
512 2363 560 2424 lv.
590 2363 726 2442 prodiere
752 2365 848 2444 43334-
900 2361 1090 2422 llaoloviensi
1112 2361 1362 2441 Arabiepisoopus
1384 2359 1418 2420 At
1442 2361 1532 2422 4444.
1550 2361 1625 2421 Are-

134 2452 212 2514 stad.
236 2455 323 2514 4648.
348 2456 394 2516 44.
615 2515 617 2520 ,
902 2455 1028 2516 43433343
1054 2463 1084 2515 34
1106 2456 1141 2517 A.
1164 2457 1252 2518 4446.
1274 2454 1443 2518 0334433443
1465 2455 1495 2515 S.
1523 2455 1626 2516 03334-

173 2548 352 2610 44404404
377 2550 424 2610 Vl.
448 2548 559 2610 Galliae
579 2550 617 2610 ab
638 2567 687 2612 an.
714 2550 791 2612 4468
812 2550 849 2612 34
906 2549 982 2608 liae:
998 2549 1067 2609 iecit
1083 2566 1153 2610 cum
1172 2551 1320 2624 43443344·
1338 2554 1440 2608 333433
1455 2549 1625 2626 Eugenium
1699 2549 1702 2552 ’

134 2639 221 2702 4437.
242 2641 332 2720 43343
353 2643 428 2703 Vita.
451 2643 546 2718 inira,
562 2643 760 2706 84044448.
832 2697 835 2706 ,
905 2643 952 2708 Vl.
981 2644 1029 2704 cui
1051 2643 1080 2702 iu
1104 2643 1234 2704 Concilio
1254 2643 1422 2703 4334433334
1444 2645 1553 2702 acriter
1580 2659 1626 2700 re-

173 2735 387 2798 Luuovlctts
419 2736 471 2797 tx.
500 2739 677 2815 cognomine
699 2738 849 2814 Sanctus,
906 2738 984 2798 stitit
1000 2737 1026 2809 a)
1044 2743 1076 2799 et
1092 2736 1129 2798 ab
1144 2753 1179 2796 eo
1196 2743 1433 2810 exauctoratus,
1449 2735 1503 2795 sed
1521 2740 1625 2812 postea

133 2827 296 2890 Galliarum
318 2829 380 2889 lieu
402 2829 440 2890 ab
461 2828 517 2889 An.
541 2829 628 2890 1446.
647 2830 684 2890 34
706 2833 740 2890 A.
763 2831 850 2892 4470.
907 2821 1623 2892 restitutusaNicolaolV.diemobiitAn.tl5tl

133 2925 175 2984 De
189 2921 280 2985 huius
298 2924 387 2984 rebus
403 2924 448 2982 do.
466 2921 654 2999 Joinoilliur,
672 2923 709 2984 dc
724 2942 784 3003 quo
801 2942 852 2986 su·
907 2924 934 2985 6.
946 2925 1029 3003 Sept.
1041 2931 1073 2984 et
1088 2925 1118 2984 in
1136 2924 1217 3000 bulla
1233 2923 1400 2984 0433333443
1414 2921 1477 2982 Vll.
1489 2921 1522 2980 A.
1535 2919 1624 2982 4547.

133 3035 184 3095 333
197 3036 226 3095 3.
240 3017 306 3080 373.
332 3015 495 3097 Goifredus
513 3019 555 3076 443
567 3014 640 3078 dello
652 3015 714 3078 loco
729 3024 759 3077 et
771 3015 849 3078 eurr.
905 3017 973 3078 data
991 3035 1045 3095 333
1062 3020 1153 3079 43343
1167 3017 1223 3078 3314
1243 3019 1411 3095 permissus
1429 3016 1495 3075 luit.
1516 3016 1625 3074 Exstat

131 3109 167 3170 de
184 3110 307 3190 433343,
321 3111 357 3172 43
375 3111 485 3189 quibus
503 3119 523 3172 4.
540 3113 570 3184 3,
588 3112 690 3188 3338
722 3117 753 3170 34
782 3109 850 3172 tto.
906 3111 1048 3188 44433334
1067 3111 1218 3172 Andream
1237 3109 1430 3171 Vi'ctorellum
1448 3109 1626 3168 4333343343

134 3209 164 3262 et
188 3204 356 3281 Scriptores
377 3204 414 3264 de
435 3202 529 3283 gestis
550 3205 615 3265 DEl
637 3221 691 3282 per
723 3205 852 3266 Francos
906 3203 942 3265 ad
970 3205 1162 3266 ciacconium
1190 3204 1227 3265 43
1249 3205 1327 3264 Vitis
1354 3202 1530 3264 Pontificum
1560 3219 1627 3281 pag.

134 3295 244 3372 aliique
271 3313 288 3356 a
318 3297 428 3357 lacobo
459 3299 558 3376 Longo
589 3314 655 3377 pag.
687 3298 755 3357 355.
788 3313 851 3374 seq.
907 3297 994 3358 4408.
1022 3299 1108 3381 Plura
1135 3297 1173 3358 de
1200 3315 1235 3358 eo
1254 3296 1480 3364 sammarthani
1508 3303 1578 3356 torn.
1608 3297 1621 3355 4

137 3388 212 3450 4444.
234 3389 449 3452 Eistorioorum
467 3391 590 3462 Galliae,
603 3407 710 3468 magno
728 3406 853 3452 numero
905 3409 972 3472 pag.
988 3393 1040 3452 63.
1054 3409 1119 3469 seq.
1139 3397 1170 3451 et
1190 3391 1330 3452 Urbanus
1350 3388 1466 3450 Gotirid
1484 3388 1627 3471 Sieberus

134 3481 256 3544 laudati.
276 3483 395 3545 Sanctis
409 3483 767 3568 adscriptuaalionilaaio
785 3483 850 3546 'illl
906 3485 943 3546 de
973 3484 1140 3547 illustribus
1156 3482 1342 3546 'Alemannis
1370 3483 1397 3576 3.
1410 3483 1525 3544 XLVI.
1559 3499 1624 3559 seq.

133 3575 276 3638 Pontilice
297 3584 344 3637 est
364 3579 428 3638 Rex
448 3579 507 3638 An.
528 3578 616 3640 4498.
638 3578 748 3656 dequo
765 3578 851 3656 plura
906 3581 1066 3641 llultorum
1097 3579 1313 3657 opusculorum
1339 3582 1495 3639 auctorem
1524 3576 1627 3637 laudat
1717 3597 1721 3607 ·

134 3672 269 3747 proxime
292 3673 321 3730 in
348 3671 433 3732 Actis
464 3673 600 3733 Sanctor.
634 3673 683 3734 45.
714 3665 851 3751 Au‘gusti.
906 3675 1037 3734 loannes
1061 3671 1169 3733 Chenu
1196 3669 1379 3738 4344343343
1408 3672 1625 3749 Episcoporum

133 3763 249 3824 Bullam
272 3766 516 3826 03333433443343
537 3765 631 3826 43433
661 3765 742 3843 3334
764 3768 852 3826 Laer-
907 3765 1019 3827 Galliae
1032 3787 1039 3826 :
1053 3766 1176 3828 03334444
1191 3781 1281 3842 33333
1294 3766 1403 3843 Papam
1417 3767 1626 3824 auctoritatem

62 3937 65 3942 Ι
102 3857 211 3917 ·tium
232 3855 438 3918 Cherubinum
460 3866 534 3916 tom.
556 3860 582 3919 4.
606 3858 721 3920 bullarii
736 3875 768 3936 -p.
784 3859 853 3920 404.
908 3863 937 3920 in
956 3860 1086 3921 Concilio
1101 3859 1263 3940 basileensi
1284 3855 1425 3917 omnibus
1440 3857 1557 3917 viribus
1574 3856 1627 3916 de·

134 3956 227 4028 atque
248 3949 306 4010 libi.
328 3949 467 4011 04434333
491 3950 736 4012 433433433443333
761 3952 790 4010 43
814 3952 855 4011 43-
908 3951 1021 4028 433444,
1043 3959 1133 4030 atque
1154 3959 1259 4012 auctor
1280 3952 1336 4011 luit
1357 3953 1476 4012 Decreti
1498 3949 1536 4010 de
1558 3967 1628 4010 cou-

134 4049 181 4102 343
202 4043 232 4102 S.
261 4042 403 4104 ludovici
433 4045 603 4123 composuit
635 4043 787 4106 Arualdus
814 4043 853 4104 de
907 4049 1043 4124 captione
1060 4049 1093 4107 4.
1110 4047 1240 4124 Virginis
1262 4045 1388 4105 immuni
1408 4044 1447 4104 ab
1460 4045 1540 4104 omrii
1560 4061 1629 4120 pec-

133 4139 240 4213 Prato,
262 4136 332 4197 Ord.
355 4137 460 4200 Praed.
480 4135 518 4198 de
540 4155 601 4217 quo
621 4140 683 4198 lac.
711 4138 816 4209 Quatii
830 4144 853 4199 t.
907 4141 965 4200 eati
983 4139 1065 4213 labe,
1083 4138 1161 4217 quod
1179 4138 1272 4199 edidit
1290 4139 1322 4198 V.
1341 4141 1374 4200 0.
1391 4139 1499 4199 Tobiae
1515 4136 1625 4196 434333-

137 4231 174 4305 4,
192 4231 350 4308 333.-498.
371 4231 497 4309 Philippi
521 4230 637 4292 Pulchri
653 4225 741 4310 443343
763 4233 854 4291 Fran·
909 4233 938 4292 in
957 4234 1059 4292 notitia
1074 4233 1222 4294 llStorum
1237 4230 1310 4292 4444.
1325 4231 1628 4308 Quedlimburgensia

135 4340 239 4383 corum
252 4324 385 4400 43434343
402 4324 439 4384 34
458 4324 604 4385 Abbatem
622 4326 853 4386 Messiacensarn
910 4327 996 4388 4743.
1020 4327 1047 4386 4.
1067 4343 1133 4405 333.
1155 4326 1203 4385 86.
1222 4325 1307 4401 (494.
1331 4325 1403 4386 Vide
1425 4339 1516 4402 supra
1538 4323 1628 4384 ALE-

135 4432 190 4495 pro
212 4417 407 4477 translatione
430 4418 624 4494 reliquiarum
648 4419 677 4478 S.
700 4415 853 4490 Ludovioi‚
909 4421 1092 4498 MANNUS).

136 4516 239 4570 exstat
256 4508 339 4587 apud
359 4509 555 4571 Edmundum
577 4513 709 4572 44334333
731 4516 803 4570 4333.
827 4513 854 4571 4.
950 4511 1163 4574 annotinus
1188 4507 1310 4572 Bordus
1331 4508 1445 4636 Nobilis
1473 4511 1628 4585 Venetus,

114 4602 353 4696 *anecdotorum
375 4621 442 4683 pag.
464 4604 552 4665 48447.
569 4604 694 4664 4333343
710 4604 855 4664 63333343

138 4713 295 4758 sermones
321 4695 358 4758 de
390 4699 420 4759 S.
451 4695 601 4759 ludovico
629 4705 701 4758 tout.
730 4699 757 4760 3.
778 4696 854 4775 Opp
949 4713 975 4774 ι)
991 4713 1051 4766 vide
1066 4709 1220 4776 bernaldum
1236 4711 1269 4762 ad
1285 4716 1333 4764 43
1354 4710 1423 4764 llas.
1442 4725 1467 4762 n.
1488 4711 1525 4764 ro.
1543 4723 1597 4773 reu

1166 4815 1174 4830 ⁵
1228 4819 1283 4879 440
