3596 5610
221 127 282 194 3δῦ
844 127 1100 190 JOANNES

220 231 316 292 Urbis.
345 231 419 294 Vide
441 235 472 292 44.
501 230 684 308 8444444444
716 239 789 294 4444.
812 235 840 294 3.
868 234 939 294 bist.
997 233 1269 312 4144444344444444
1279 235 1692 316 444444444444444444444444.

217 326 332 386 344444.
354 323 519 414 Eamburg.
540 339 606 403 pag.
629 324 700 386 464.
992 327 1203 390 ammittat
1219 327 1267 391 44.
1284 327 1695 410 44084444444444444444444)

259 417 431 480 4044444148
447 417 581 478 Doareus
598 436 690 496 quam
704 422 783 482 eirea
802 421 837 482 A.
860 422 940 485 tate
994 419 1419 501 (44444444444444444444444
1430 425 1626 503 quibua'varia
1637 426 1694 489 1444

218 515 378 592 4444444444
398 510 435 571 de
457 513 536 587 vite,
558 514 701 590 passione
721 520 752 574 et
782 515 940 594 sepultura
993 513 1219 592 seripturarum
1242 515 1414 594 4444444444,
1435 518 1691 595 apamiensem·
1791 567 1792 576 ,

217 607 350 684 Dionysii
372 605 571 684 Areopagitae
593 611 678 668 notat
691 608 939 687 Epsengreinius,
980 623 1113 688 ,morum
1130 613 1165 667 et
1186 605 1394 685 Epistuioeud
1415 611 1693 672 Runrunosiiinstm-

217 697 374 759 diveasnm
401 714 471 758 esse
501 715 560 759 non
583 697 688 760 dubita
707 717 726 760 a
745 700 859 762 444444
883 701 941 762 444-
993 701 1047 774 vit,
1065 701 1265 778 nequeaiium
1282 715 1354 780 puto
1370 702 1690 782 Commentariumejus

216 802 287 852 eaeo
306 791 393 854 Gaiio
414 789 628 865 benedictina,
650 790 689 852 de
709 791 798 871 cujus
820 796 942 874 seriptis
994 795 1024 853 in
1039 792 1253 872 Epistaiamad
1271 795 1421 855 Romanas
1434 793 1692 867 eradent-tutin,

217 885 421 946 Passerinus:
443 881 626 946 vtrn'entm
649 883 697 946 hia
718 894 787 964 post
808 886 843 948 A.
862 889 940 950 4450
995 901 1086 965 quem
1101 885 1181 964 4444
1203 886 1316 948 iniiam
1345 885 1468 967 Nigrum
1491 888 1639 952 memorari
1657 884 1697 950 ri-‘
1791 953 1792 956 ,

135 969 137 974 ’
255 977 428 1040 4044444148
453 975 604 1038 4444444444
622 977 660 1038 44
690 979 847 1059 augutu,
868 979 942 1042 044.
995 977 1061 1040 deo.
1079 979 1186 1039 Dubito
1203 980 1294 1040 etiem
1312 979 1350 1038 da
1366 983 1575 1042 oommeateria
1595 981 1624 1041 in
1646 981 1697 1042 84-

217 1069 322 1134 Praad.
342 1073 422 1132 eirca
444 1069 502 1132 An.
525 1071 613 1132 ttae.
635 1073 678 1132 De
698 1077 788 1150 cujus
808 1073 943 1154 34444444
996 1069 1207 1132 ousiarum.
1238 1072 1321 1132 Inter
1340 1071 1397 1132 aiia
1422 1089 1494 1132 vero
1515 1079 1592 1134 44444
1615 1074 1697 1133 Anto-

216 1161 258 1226 od
279 1162 435 1242 Primiper
453 1163 608 1226 Bavorrbe
624 1162 661 1225 de
678 1164 800 1244 Om'pine
817 1167 943 1228 sirtori⁴
998 1165 1083 1240 nino,
1099 1181 1163 1224 444
1179 1162 1698 1243 Quudroposiruoiiiurenb'aeriiiio·
1791 1143 1792 1170 ¹

218 1262 279 1320 tute
301 1257 494 1322 sacramenti
508 1254 659 1336 4444444444
680 1258 712 1318 in
728 1265 825 1320 444444
841 1259 942 1322 Ande-
997 1253 1090 1317 444444
1120 1255 1302 1319 Catitedruii·
1325 1270 1430 1318 omnes
1461 1259 1576 1337 regulas
1605 1257 1695 1332 iuris,

217 1349 273 1412 aba
288 1350 368 1412 inter
387 1347 467 1410 uliae
480 1348 853 1430 reliquiotrepuiesoentit
871 1351 941 1413 vids
996 1365 1075 1428 44444
1088 1347 1236 1411 iubentur
1251 1349 1282 1409 in
1293 1347 1371 1414 44444
1384 1351 1432 1411 Vi.
1441 1349 1725 1425 Musulamii·
1791 1359 1792 1408 3

217 1442 411 1506 bambeaium
442 1447 515 1504 tam.
536 1443 565 1506 4.
596 1460 661 1524 pag.
684 1445 743 1506 0344
764 1446 833 1508 4443.
855 1450 942 1508 4444-
995 1441 1098 1504 aterna
1117 1442 1330 1524 proediaoait,
1349 1459 1419 1504 aaut
1438 1457 1541 1522 mopno
1559 1457 1697 1505 44444444

217 1536 291 1598 bum
312 1535 417 1608 Quetii
436 1542 508 1600 tom.
530 1538 566 1610 i,
588 1553 655 1616 pag.
677 1535 747 1600 rot.
859 1570 862 1579 ·
995 1533 1191 1606 audientium,
1206 1553 1299 1597 444444
1314 1535 1353 1597 de
1368 1550 1463 1614 44444,
1478 1535 1570 1598 aliona
1585 1536 1619 1596 de
1635 1549 1696 1596 saro
1791 1581 1792 1600 .

257 1627 432 1692 4044444444Ι
445 1627 609 1703 Dominiai,
626 1628 667 1692 de
682 1631 848 1707 Florentia,
865 1631 938 1693 Ord.
991 1630 1263 1710 proponendam
1276 1629 1402 1692 44444444
1413 1627 1697 1710 14444444444441444-
1791 1617 1792 1702 i

218 1722 321 1786 Praed.
343 1730 375 1784 et
395 1722 433 1786 ab
450 1722 507 1784 Aa.
524 1722 603 1784 4408
618 1723 656 1784 44
674 1724 762 1787 tite.
777 1723 941 1804 Presbyter
994 1722 1087 1784 444444
1103 1724 1325 1796 44444444444,
1345 1720 1561 1784 adsimus
1581 1721 1697 1783 4444444

221 1813 391 1880 0444444444
409 1824 442 1878 44
472 1815 724 1896 Ambiepiaaopus
753 1819 940 1897 4444444444,
994 1815 1391 1896 Tractatusdeconeeptione
1402 1814 1699 1895 Di'irpinisDeerr-

218 1909 257 1970 de
288 1925 351 1988 quo
381 1908 567 1972 Tritbemius
588 1925 654 1988 oep.
674 1911 744 1974 734.
768 1912 844 1974 Aota
865 1915 942 1975 San·
990 1909 1405 1992 proceritatemne
1425 1907 1696 1988 etdeporseorioni-

216 2009 291 2065 4444.
313 2009 386 2064 tom.
401 2003 430 2064 4.
448 2004 529 2064 iunii
548 2021 613 2084 pag.
630 2005 688 2066 306
715 2006 846 2068 44444444
860 2007 941 2080 Que-
996 2001 1187 2084 44444449444
1202 2001 1329 2065 orbandi
1345 2003 1500 2064 8444444444
1513 1999 1691 2078 4444444444.

217 2096 255 2158 444
272 2101 346 2160 tam.
369 2098 382 2157 4
399 2142 407 2170 ,
422 2113 496 2176 'paga
516 2095 585 2158 768.
601 2115 670 2176 seq.
685 2099 785 2160 iniius
801 2102 891 2179 Niger
908 2102 939 2160 ia
994 2099 1038 2159 De
1056 2099 1142 2160 iestis
1158 2105 1189 2158 et
1202 2097 1240 2158 d'e
1255 2098 1381 2158 8444444.
1405 2096 1467 2158 Vita
1480 2097 1513 2155 44.
1529 2092 1679 2156 4444444444
1687 2137 1695 2168 ‚

216 2189 340 2252 historia
361 2191 543 2280 scriptorem
566 2190 763 2252 Florentiam.
784 2209 850 2272 pag.
878 2193 939 2254 480
993 2190 1214 2252 4444444444ιεὶ4.
1237 2187 1528 2270 spanhemium
1551 2187 1581 2247 in
1598 2185 1697 2268 4444444

215 2299 279 2361 seq.
302 2283 501 2359 Giaocauius,
515 2284 597 2362 Eggs
613 2292 647 2346 st
666 2285 714 2346 aiii
737 2288 790 2363 qui
811 2285 850 2346 de
871 2287 944 2349 Can
1000 2285 1101 2346 Boniti
1119 2281 1303 2346 Cardinuiir.
1325 2283 1373 2344 ‚De
1396 2281 1537 2344 lobannis
1559 2279 1644 2340 buius
1658 2277 1699 2337 ir-

215 2376 367 2440 diaaiibus
379 2378 541 2456 seripsere.
558 2378 773 2457 sigismundus
788 2381 943 2441 Ferrarius
1001 2375 1071 2440 auia
1088 2377 1182 2438 444444
1197 2376 1266 2437 ride
1283 2392 1361 2456 quae
1373 2391 1465 2454 snpra
1480 2382 1552 2436 tam.
1563 2374 1582 2434 4
1594 2389 1621 2451 4.
1639 2371 1700 2432 443.

215 2469 943 2550 4444444444444444444444444444404444444.
1036 2471 1206 2534 temutes
1239 2468 1386 2530 4444444444
1414 2467 1451 2529 44
1480 2463 1612 2528 Narbona
1631 2463 1697 2525 044.

216 2581 282 2642 pag.
306 2565 365 2628 4446
385 2577 453 2640 seq.
474 2564 610 2641 quisine
631 2560 748 2626 44444444
768 2565 944 2646 44444444-
996 2563 1100 2626 Praed.
1117 2562 1177 2625 An.
1200 2562 1279 2625 tate
1304 2561 1458 2624 Aveaiooe
1481 2557 1605 2621 absolvit
1622 2571 1695 2617 4444-
1791 2555 1792 2638 i

218 2664 270 2722 tus
290 2657 483 2737 Apostoiiaus
503 2656 562 2718 An
586 2657 665 2719 4400
686 2655 724 2719 de
746 2657 942 2737 indulgentiis
996 2657 1140 2741 pendium
1157 2673 1217 2735 quo
1233 2654 1400 2716 sedandam
1417 2651 1567 2714 44444444
1581 2651 1609 2711 8.
1628 2648 1699 2709 4444-
1791 2667 1792 2706 ς

217 2751 274 2814 440
296 2750 436 2826 4444444;
454 2749 670 2814 Eooiesiemit.
690 2752 819 2829 Virginis
840 2751 941 2812 dein-
997 2757 1065 2814 mae
1083 2751 1251 2829 4444444444,
1272 2749 1359 2810 iueeu
1376 2748 1470 2828 Papae
1485 2743 1605 2807 4444444
1620 2743 1697 2804 444444
1791 2743 1792 2748 ’

215 2843 282 2908 4444
302 2843 452 2919 Danubii,
475 2844 711 2922 vesprimiensis
732 2845 880 2906 dioeoaeis
895 2844 942 2905 ui·
995 2845 1194 2908 abbreviavit.
1225 2841 1299 2903 Vide
1334 2839 1489 2904 4444444444
1513 2837 1612 2910 Queat
1633 2836 1698 2896 4444.
1790 2891 1791 2896 ,

219 2934 436 3002 sitantibusud
449 2935 677 3014 sigismundum
692 2937 871 3018 Hurpurrbe
886 2939 943 3000 444·
999 2941 1011 3002 4
1046 2939 1115 3000 448.
1209 2973 1212 2980 ·

216 3029 382 3111 9444444444
397 3031 520 3092 exhibet
538 3037 622 3111 44444
637 3033 667 3105 2,
684 3050 750 3112 pag.
769 3033 838 3094 340.
857 3035 942 3095 Hunc
1037 3029 1206 3094 iOANNES
1228 3020 1697 3106 temnimuspamntnus.1ntn

217 3129 398 3206 Magistrum·
415 3138 508 3187 suum
540 3126 646 3188 moitis
675 3126 808 3188 celebrat
829 3127 860 3188 S.
878 3127 943 3188 An·
997 3123 1266 3188 sen-zznumus.
1376 3163 1379 3172 >

168 3285 172 3292 ,
218 3222 344 3284 tonitrua
378 3234 517 3282 summae
545 3219 649 3280 histor.
675 3221 721 3280 tit.
743 3219 941 3299 rampart.
1035 3218 1211 3280 tOANNES
1229 3213 1376 3291 44444444,
1406 3213 1472 3276 sire
1491 3211 1528 3272 de
1548 3206 1700 3270 Dondirab

219 3313 248 3394 5.
270 3315 297 3376 3.
320 3321 393 3376 tom.
412 3315 451 3389 3,
469 3327 537 3394 pag.
559 3313 1163 3392 08444444444444444444444414444,
1195 3311 1295 3372 iaaebi
1317 3308 1412 3372 iiondi
1433 3305 1534 3370 4444444
1566 3305 1595 3363 p,
1616 3302 1697 3360 irater

217 3407 443 3470 lucubrationes
473 3413 568 3470 eunt:
596 3407 634 3468 In
662 3405 866 3469 anirsiuatan
890 3411 943 3468 Le-
997 3406 1144 3470 Gabrieiis
1174 3403 1281 3476 Dandi,
1302 3401 1426 3464 Medici:
1446 3397 1577 3462 44444444
1594 3403 1623 3456 44
1642 3395 1698 3471 ipat

218 3501 353 3574 4444444,
375 3515 452 3577 quas
477 3500 612 3560 venetiis
633 3503 739 3562 Lector
771 3501 884 3562 babuit
906 3501 943 3562 44
998 3500 1125 3584 celebris
1158 3505 1190 3560 et
1211 3495 1407 3574 Philosophus
1433 3509 1469 3555 44
1487 3489 1699 3584 4444444444444

219 3591 340 3655 Cantici
355 3591 550 3654 0444444444
563 3605 629 3670 sap.
656 3595 683 3654 4.
704 3600 736 3652 44
760 3591 790 3654 2.
816 3592 853 3652 Dr
868 3595 944 3654 4444
997 3596 1169 3668 4444444444,
1195 3606 1231 3651 ea
1258 3589 1345 3664 44444,
1368 3595 1404 3650 ut
1426 3578 1697 3648 Amantissimo

221 3683 407 3748 4444444444
435 3686 537 3764 Caput
568 3699 633 3746 444
660 3701 777 3762 usque:-
797 3693 830 3744 et
849 3701 943 3764 super
995 3689 1157 3750 diceretur.
1189 3683 1316 3745 Amiaus
1346 3680 1495 3742 Franoisoi
1529 3672 1699 3743 4444444444,

216 3777 414 3859 Napetinei,
446 3779 590 3856 44444444
622 3779 871 3840 commentarius.
907 3779 943 3839 in
997 3783 1048 3861 qni
1071 3779 1236 3841 mariturus
1256 3775 1478 3854 quinquaginta·
1496 3774 1522 3832 ei
1542 3781 1642 3830 aomos
1662 3763 1699 3823 it·

217 3869 364 3933 Psuimas.
382 3870 581 3932 itinerarium
595 3869 768 3932 deuotionis.
780 3871 942 3936 Sermones
997 3875 1081 3955 gavit
1094 3889 1149 3951 pm
1161 3869 1284 3942 annaio,
1305 3882 1396 3946 quem
1411 3864 1584 3928 0444444444
1603 3861 1701 3919 inme

216 3963 485 4028 4444444444
504 3963 681 4042 0444444444,
696 3967 727 4025 44
741 3965 813 4027 iliud
832 3966 940 4028 4.(444.
997 3969 1122 4030 moriam
1157 3979 1278 4042 semper
1298 3964 1330 4020 44
1350 3959 1444 4039 digito
1475 3960 1612 4038 gestarat.
1631 3949 1700 4012 04440

192 4077 196 4088 ·
217 4063 265 4123 43.
283 4062 313 4122 Si
333 4061 444 4138 tinguis
467 4059 622 4119 homiuum
645 4059 752 4138 loquar
768 4063 800 4120 et
814 4059 944 4138 Angelo-
998 4060 1157 4124 Detraroha
1175 4053 1337 4119 Anatatt.
1356 4055 1404 4115 48.
1420 4053 1477 4113 344.
1497 4053 1698 4110 toennensem

217 4172 296 4218 rum.
318 4145 404 4216 idem
439 4153 572 4214 Trotiuto
594 4150 674 4214 dailo
700 4157 809 4214 euntia
834 4151 941 4214 444444.
998 4149 1267 4218 imbuentem
1286 4151 1305 4209 5
1326 4147 1388 4209 Gai.
1410 4143 1529 4207 Octobr.
1547 4137 1700 4236 44448444·

217 4251 306 4313 84444
328 4252 415 4312 tata
434 4249 464 4308 4.
481 4248 617 4310 venetiis
636 4247 715 4309 4444
734 4245 814 4308 taes
831 4248 859 4306 8.
879 4246 944 4305 Fio-
997 4248 1148 4318 daonium,
1170 4244 1376 4316 Tamasioum,
1393 4244 1424 4299 et
1437 4239 1500 4299 4444.
1513 4228 1648 4298 Gomneai
1660 4226 1699 4285 ba

218 4351 296 4404 rent.
323 4345 406 4406 teat
423 4343 453 4404 8.
471 4343 513 4402 De
530 4341 595 4402 Vita
608 4340 642 4401 44.
661 4339 792 4418 Virpinia
806 4335 945 4400 44444444-
997 4336 1297 4416 storiamGpmnasii
1314 4331 1450 4395 Patavini
1471 4337 1542 4389 tam.
1559 4327 1586 4386 4.
1606 4341 1625 4401 p
1648 4316 1699 4380 ⁴³8

218 4435 316 4496 simei
334 4435 447 4496 anatis
465 4433 684 4495 florentinam
707 4435 829 4494 Petrum
850 4430 945 4494 44444-
998 4434 1124 4511 Scripsit
1145 4430 1306 4492 Volumina
1334 4426 1392 4488 tria
1414 4419 1585 4493 Piunetarii,
1611 4415 1644 4475 de
1662 4427 1701 4473 ra·

219 4541 284 4588 aem
315 4530 427 4590 Cosimi
451 4531 485 4590 F.
505 4528 590 4590 libris
611 4528 660 4588 lv.
677 4527 828 4588 Carmine.
853 4526 945 4604 4468.
1000 4530 1080 4587 44444
1095 4522 1294 4585 44444444444
1312 4518 1505 4582 instrumenti
1525 4511 1602 4593 quod
1612 4515 1699 4571 444444

220 4622 281 4682 Aba
308 4639 341 4681 re
360 4621 560 4684 confundisse
581 4620 748 4684 Fabricium
769 4619 822 4682 40.
849 4619 950 4680 Domi-
999 4619 1149 4681 coelestes
1171 4614 1378 4696 spectantibus
1386 4609 1537 4691 proderet.
1554 4607 1624 4666 ‘ires
1639 4613 1703 4679 400·

219 4712 283 4776 nim
297 4713 377 4774 bunc
392 4729 462 4778 oum
481 4717 512 4776 F.
530 4717 685 4776 Dominioo
699 4717 827 4776 Joannis
840 4713 877 4775 da
890 4713 947 4776 Co-
1000 4729 1060 4792 que
1080 4711 1172 4772 libros
1191 4709 1230 4771 de
1249 4709 1366 4770 44444444
1380 4703 1530 4767 4444444444
1544 4703 1576 4760 et
1589 4695 1625 4756 44
1635 4709 1701 4754 444-

220 4805 308 4884 44444,
324 4805 476 4884 iuniorem
492 4811 668 4887 scriptorem
694 4824 740 4886 ap
766 4807 803 4871 dr
827 4808 894 4870 Vita
912 4809 946 4870 B.
1002 4809 1045 4868 sis
1065 4803 1227 4866 44Ιί4444444
1241 4807 1397 4863 sonatum
1416 4809 1561 4874 aquarum
1581 4793 1703 4869 444440·
