<?xml version="1.0" encoding="UTF-8"?>
<!DOCTYPE html PUBLIC "-//W3C//DTD XHTML 1.0 Transitional//EN"
    "http://www.w3.org/TR/xhtml1/DTD/xhtml1-transitional.dtd">
<html xmlns="http://www.w3.org/1999/xhtml" xml:lang="en" lang="en">
 <head>
  <title>
</title>
<meta http-equiv="Content-Type" content="text/html;charset=utf-8" />
  <meta name='ocr-system' content='tesseract 3.04.00' />
  <meta name='ocr-capabilities' content='ocr_page ocr_carea ocr_par ocr_line ocrx_word'/>
</head>
<body>
  <div class='ocr_page' id='page_1' title='image "./bibliothecalati00schgoog/bibliothecalati00schgoog_0011.png"; bbox 0 0 3562 5582; ppageno 0'>
   <div class='ocr_carea' id='block_1_1' title="bbox 150 60 1637 250">
    <p class='ocr_par' dir='ltr' id='par_1_1' title="bbox 150 60 1637 250">
     <span class='ocr_line' id='line_1_1' title="bbox 150 60 1063 126; baseline 0 -4"><span class='ocrx_word' id='word_1_1' title='bbox 150 63 169 122; x_wconf 93' lang='grc'><strong>6</strong></span> <span class='ocrx_word' id='word_1_2' title='bbox 731 61 757 121; x_wconf 86' lang='lat' dir='ltr'><strong>C</strong></span> <span class='ocrx_word' id='word_1_3' title='bbox 772 61 797 122; x_wconf 88' lang='lat' dir='ltr'><strong>ll</strong></span> <span class='ocrx_word' id='word_1_4' title='bbox 812 60 837 122; x_wconf 85' lang='lat' dir='ltr'>L</span> <span class='ocrx_word' id='word_1_5' title='bbox 851 63 878 124; x_wconf 80' lang='grc' dir='ltr'><strong>Α</strong></span> <span class='ocrx_word' id='word_1_6' title='bbox 893 63 918 124; x_wconf 86' lang='grc' dir='ltr'><strong>Τ</strong></span> <span class='ocrx_word' id='word_1_7' title='bbox 933 63 946 126; x_wconf 92' lang='grc'><strong>4</strong></span> <span class='ocrx_word' id='word_1_8' title='bbox 962 62 987 126; x_wconf 83' lang='grc' dir='ltr'><strong><em>Ν</em></strong></span> <span class='ocrx_word' id='word_1_9' title='bbox 1004 61 1027 126; x_wconf 91' lang='lat' dir='ltr'><strong>il</strong></span> <span class='ocrx_word' id='word_1_10' title='bbox 1042 61 1063 122; x_wconf 91' lang='lat' dir='ltr'>S</span> 
     </span>
     <span class='ocr_line' id='line_1_2' title="bbox 152 166 1637 250; baseline 0 -20"><span class='ocrx_word' id='word_1_11' title='bbox 152 166 330 250; x_wconf 81' lang='lat' dir='ltr'><strong>lippoariri:</strong></span> <span class='ocrx_word' id='word_1_12' title='bbox 352 167 390 230; x_wconf 90' lang='lat' dir='ltr'><strong>ad</strong></span> <span class='ocrx_word' id='word_1_13' title='bbox 411 169 519 231; x_wconf 75' lang='lat' dir='ltr'><strong>lirano.</strong></span> <span class='ocrx_word' id='word_1_14' title='bbox 535 168 740 232; x_wconf 88' lang='lat' dir='ltr'><strong>Caracciolum</strong></span> <span class='ocrx_word' id='word_1_15' title='bbox 758 167 795 230; x_wconf 87' lang='lat' dir='ltr'><strong>de</strong></span> <span class='ocrx_word' id='word_1_16' title='bbox 822 167 870 232; x_wconf 86' lang='lat' dir='ltr'><strong>ba·</strong></span> <span class='ocrx_word' id='word_1_17' title='bbox 925 173 967 232; x_wconf 89' lang='lat' dir='ltr'><strong>ris</strong></span> <span class='ocrx_word' id='word_1_18' title='bbox 994 169 1156 243; x_wconf 78' lang='lat' dir='ltr'><strong>Adriatici,</strong></span> <span class='ocrx_word' id='word_1_19' title='bbox 1185 170 1281 244; x_wconf 87' lang='grc'><strong>4448,</strong></span> <span class='ocrx_word' id='word_1_20' title='bbox 1297 168 1345 230; x_wconf 88' lang='grc'><strong>444.</strong></span> <span class='ocrx_word' id='word_1_21' title='bbox 1371 185 1460 247; x_wconf 89' lang='lat' dir='ltr'><strong>quam</strong></span> <span class='ocrx_word' id='word_1_22' title='bbox 1486 171 1637 232; x_wconf 86' lang='lat' dir='ltr'><strong>insecutae</strong></span> 
     </span>
    </p>
   </div>
   <div class='ocr_carea' id='block_1_2' title="bbox 31 253 1637 342">
    <p class='ocr_par' dir='ltr' id='par_1_2' title="bbox 31 253 1637 342">
     <span class='ocr_line' id='line_1_3' title="bbox 31 253 1637 342; baseline 0.006 -26"><span class='ocrx_word' id='word_1_23' title='bbox 31 313 34 316; x_wconf 87' lang='lat'>.</span> <span class='ocrx_word' id='word_1_24' title='bbox 149 260 252 341; x_wconf 79' lang='lat' dir='ltr'><strong>nefieio</strong></span> <span class='ocrx_word' id='word_1_25' title='bbox 267 261 397 342; x_wconf 75' lang='lat' dir='ltr'><strong>iadt&#39;pnia</strong></span> <span class='ocrx_word' id='word_1_26' title='bbox 410 260 534 324; x_wconf 88' lang='lat' dir='ltr'><strong>collato:</strong></span> <span class='ocrx_word' id='word_1_27' title='bbox 550 253 587 323; x_wconf 88' lang='lat' dir='ltr'><strong>ad</strong></span> <span class='ocrx_word' id='word_1_28' title='bbox 600 261 644 322; x_wconf 92' lang='grc'><strong>444.</strong></span> <span class='ocrx_word' id='word_1_29' title='bbox 656 261 873 341; x_wconf 86' lang='lat' dir='ltr'><strong>Aquaevivum</strong></span> <span class='ocrx_word' id='word_1_30' title='bbox 924 272 998 328; x_wconf 90' lang='lat' dir='ltr'><strong>suot</strong></span> <span class='ocrx_word' id='word_1_31' title='bbox 1010 265 1203 328; x_wconf 85' lang='lat' dir='ltr'><strong>Basileenses</strong></span> <span class='ocrx_word' id='word_1_32' title='bbox 1225 262 1302 329; x_wconf 84' lang='lat' dir='ltr'><strong>l550</strong></span> <span class='ocrx_word' id='word_1_33' title='bbox 1320 305 1327 335; x_wconf 89' lang='lat'><strong>,</strong></span> <span class='ocrx_word' id='word_1_34' title='bbox 1346 264 1421 324; x_wconf 86' lang='grc'><strong>4464</strong></span> <span class='ocrx_word' id='word_1_35' title='bbox 1439 307 1448 338; x_wconf 87' lang='grc'><strong>,</strong></span> <span class='ocrx_word' id='word_1_36' title='bbox 1470 263 1540 326; x_wconf 81' lang='lat' dir='ltr'><strong>itti</strong></span> <span class='ocrx_word' id='word_1_37' title='bbox 1562 310 1572 338; x_wconf 91' lang='lat'><strong>,</strong></span> <span class='ocrx_word' id='word_1_38' title='bbox 1590 265 1637 326; x_wconf 92' lang='lat' dir='ltr'><strong>iol.</strong></span> 
     </span>
    </p>
   </div>
   <div class='ocr_carea' id='block_1_3' title="bbox 146 354 1637 722">
    <p class='ocr_par' dir='ltr' id='par_1_3' title="bbox 146 354 1637 722">
     <span class='ocr_line' id='line_1_4' title="bbox 149 354 1637 436; baseline 0 -18"><span class='ocrx_word' id='word_1_39' title='bbox 149 357 386 436; x_wconf 76' lang='lat' dir='ltr'><strong>apologeticon:</strong></span> <span class='ocrx_word' id='word_1_40' title='bbox 403 354 590 418; x_wconf 72' lang='lat' dir='ltr'>adeundam</span> <span class='ocrx_word' id='word_1_41' title='bbox 616 354 653 418; x_wconf 85' lang='lat' dir='ltr'><strong>de</strong></span> <span class='ocrx_word' id='word_1_42' title='bbox 674 355 775 435; x_wconf 81' lang='lat' dir='ltr'><strong>pluria</strong></span> <span class='ocrx_word' id='word_1_43' title='bbox 802 373 871 420; x_wconf 89' lang='lat' dir='ltr'><strong>eon-</strong></span> <span class='ocrx_word' id='word_1_44' title='bbox 924 359 1058 420; x_wconf 74' lang='grc'><strong>4444444.</strong></span> <span class='ocrx_word' id='word_1_45' title='bbox 1082 358 1171 436; x_wconf 87' lang='grc'><strong>4603,</strong></span> <span class='ocrx_word' id='word_1_46' title='bbox 1193 359 1221 426; x_wconf 86' lang='grc'><strong>8.</strong></span> <span class='ocrx_word' id='word_1_47' title='bbox 1240 356 1320 418; x_wconf 92' lang='grc'><strong>4642</strong></span> <span class='ocrx_word' id='word_1_48' title='bbox 1340 363 1372 416; x_wconf 96' lang='grc'><strong>44</strong></span> <span class='ocrx_word' id='word_1_49' title='bbox 1394 355 1481 432; x_wconf 88' lang='grc'><strong>4672,</strong></span> <span class='ocrx_word' id='word_1_50' title='bbox 1502 356 1550 418; x_wconf 86' lang='grc'><strong>444.</strong></span> <span class='ocrx_word' id='word_1_51' title='bbox 1568 373 1637 420; x_wconf 87' lang='lat' dir='ltr'><strong>aum</strong></span> 
     </span>
     <span class='ocr_line' id='line_1_5' title="bbox 150 449 1637 526; baseline 0.001 -16"><span class='ocrx_word' id='word_1_52' title='bbox 150 449 370 512; x_wconf 79' lang='lat' dir='ltr'><strong>tonnertda:ad</strong></span> <span class='ocrx_word' id='word_1_53' title='bbox 386 450 549 512; x_wconf 83' lang='lat' dir='ltr'><strong>llaximum</strong></span> <span class='ocrx_word' id='word_1_54' title='bbox 568 451 760 513; x_wconf 89' lang='lat' dir='ltr'><strong>Pancratium</strong></span> <span class='ocrx_word' id='word_1_55' title='bbox 775 449 811 512; x_wconf 87' lang='grc'><strong>44</strong></span> <span class='ocrx_word' id='word_1_56' title='bbox 825 451 870 512; x_wconf 87' lang='lat' dir='ltr'><strong>di-</strong></span> <span class='ocrx_word' id='word_1_57' title='bbox 922 454 1007 514; x_wconf 86' lang='lat' dir='ltr'><strong>loan.</strong></span> <span class='ocrx_word' id='word_1_58' title='bbox 1027 453 1185 518; x_wconf 84' lang='lat' dir='ltr'><strong>Reuchlini</strong></span> <span class='ocrx_word' id='word_1_59' title='bbox 1202 450 1287 514; x_wconf 90' lang='lat' dir='ltr'><strong>libris</strong></span> <span class='ocrx_word' id='word_1_60' title='bbox 1304 449 1364 526; x_wconf 93' lang='lat' dir='ltr'><strong>ill,</strong></span> <span class='ocrx_word' id='word_1_61' title='bbox 1386 449 1423 510; x_wconf 91' lang='lat' dir='ltr'><strong>de</strong></span> <span class='ocrx_word' id='word_1_62' title='bbox 1438 449 1578 512; x_wconf 83' lang='lat' dir='ltr'><strong>liabbala.</strong></span> <span class='ocrx_word' id='word_1_63' title='bbox 1595 453 1637 512; x_wconf 81' lang='lat' dir='ltr'><strong>De</strong></span> 
     </span>
     <span class='ocr_line' id='line_1_6' title="bbox 146 541 1634 626; baseline -0.001 -20"><span class='ocrx_word' id='word_1_64' title='bbox 146 541 736 625; x_wconf 72' lang='lat' dir='ltr'><strong>paitatccliscrplinarommdltclisarium</strong></span> <span class='ocrx_word' id='word_1_65' title='bbox 749 543 869 624; x_wconf 79' lang='lat' dir='ltr'><strong>Aquae·</strong></span> <span class='ocrx_word' id='word_1_66' title='bbox 923 547 979 608; x_wconf 91' lang='lat' dir='ltr'><strong>hoc</strong></span> <span class='ocrx_word' id='word_1_67' title='bbox 1014 547 1170 620; x_wconf 85' lang='lat' dir='ltr'><strong>Calatino,</strong></span> <span class='ocrx_word' id='word_1_68' title='bbox 1208 549 1258 626; x_wconf 88' lang='lat' dir='ltr'><strong>qui</strong></span> <span class='ocrx_word' id='word_1_69' title='bbox 1295 545 1391 608; x_wconf 81' lang='lat' dir='ltr'><strong>inulta</strong></span> <span class='ocrx_word' id='word_1_70' title='bbox 1427 543 1634 606; x_wconf 76' lang='lat' dir='ltr'><strong>altmanno</strong></span> 
     </span>
     <span class='ocr_line' id='line_1_7' title="bbox 147 637 1637 722; baseline 0.003 -26"><span class='ocrx_word' id='word_1_71' title='bbox 147 641 254 700; x_wconf 89' lang='lat' dir='ltr'><strong>vivum</strong></span> <span class='ocrx_word' id='word_1_72' title='bbox 269 659 275 699; x_wconf 79' lang='lat' dir='ltr'><strong>r</strong></span> <span class='ocrx_word' id='word_1_73' title='bbox 293 638 331 700; x_wconf 95' lang='grc'><strong>44</strong></span> <span class='ocrx_word' id='word_1_74' title='bbox 357 639 490 700; x_wconf 87' lang='lat' dir='ltr'><strong>Loisium</strong></span> <span class='ocrx_word' id='word_1_75' title='bbox 513 641 718 702; x_wconf 88' lang='lat' dir='ltr'><strong>Lauretannm</strong></span> <span class='ocrx_word' id='word_1_76' title='bbox 738 637 775 700; x_wconf 86' lang='lat' dir='ltr'><strong>de</strong></span> <span class='ocrx_word' id='word_1_77' title='bbox 802 637 866 704; x_wconf 77' lang='lat' dir='ltr'><strong>ion</strong></span> <span class='ocrx_word' id='word_1_78' title='bbox 922 639 1101 716; x_wconf 81' lang='lat' dir='ltr'><strong>hldltTlNl,</strong></span> <span class='ocrx_word' id='word_1_79' title='bbox 1130 640 1179 702; x_wconf 89' lang='lat' dir='ltr'><strong>vel</strong></span> <span class='ocrx_word' id='word_1_80' title='bbox 1205 638 1387 722; x_wconf 89' lang='lat' dir='ltr'><strong>pedissequo</strong></span> <span class='ocrx_word' id='word_1_81' title='bbox 1407 639 1523 700; x_wconf 81' lang='lat' dir='ltr'><strong>Martini</strong></span> <span class='ocrx_word' id='word_1_82' title='bbox 1554 637 1637 700; x_wconf 84' lang='lat' dir='ltr'><strong>POR-</strong></span> 
     </span>
    </p>
   </div>
   <div class='ocr_carea' id='block_1_4' title="bbox 147 727 1749 814">
    <p class='ocr_par' dir='ltr' id='par_1_4' title="bbox 147 727 1749 814">
     <span class='ocr_line' id='line_1_8' title="bbox 147 727 1749 814; baseline 0.001 -22"><span class='ocrx_word' id='word_1_83' title='bbox 147 729 237 792; x_wconf 81' lang='lat' dir='ltr'><strong>dihus</strong></span> <span class='ocrx_word' id='word_1_84' title='bbox 257 730 446 794; x_wconf 74' lang='lat' dir='ltr'><strong>venetiarum</strong></span> <span class='ocrx_word' id='word_1_85' title='bbox 463 729 540 810; x_wconf 84' lang='lat' dir='ltr'><strong>(ejus</strong></span> <span class='ocrx_word' id='word_1_86' title='bbox 560 733 697 794; x_wconf 79' lang='lat' dir='ltr'><strong>meminit</strong></span> <span class='ocrx_word' id='word_1_87' title='bbox 724 733 867 794; x_wconf 86' lang='lat' dir='ltr'><strong>Beroard.</strong></span> <span class='ocrx_word' id='word_1_88' title='bbox 923 734 1050 798; x_wconf 86' lang='lat' dir='ltr'><strong>CllETO</strong></span> <span class='ocrx_word' id='word_1_89' title='bbox 1064 731 1217 814; x_wconf 51' lang='lat' dir='ltr'><strong>¹Spioott&#39;eo</strong></span> <span class='ocrx_word' id='word_1_90' title='bbox 1246 749 1302 796; x_wconf 90' lang='lat' dir='ltr'><strong>suo</strong></span> <span class='ocrx_word' id='word_1_91' title='bbox 1332 731 1444 806; x_wconf 87' lang='lat' dir='ltr'><strong>debet,</strong></span> <span class='ocrx_word' id='word_1_92' title='bbox 1473 732 1526 792; x_wconf 87' lang='lat' dir='ltr'><strong>sed</strong></span> <span class='ocrx_word' id='word_1_93' title='bbox 1551 731 1633 810; x_wconf 90' lang='lat' dir='ltr'><strong>plura</strong></span> <span class='ocrx_word' id='word_1_94' title='bbox 1743 727 1749 746; x_wconf 81' lang='lat'><em>¹</em></span> 
     </span>
    </p>
   </div>
   <div class='ocr_carea' id='block_1_5' title="bbox 144 823 1706 1376">
    <p class='ocr_par' dir='ltr' id='par_1_5' title="bbox 144 823 1706 1376">
     <span class='ocr_line' id='line_1_9' title="bbox 148 823 1631 906; baseline -0.001 -20"><span class='ocrx_word' id='word_1_95' title='bbox 148 827 176 886; x_wconf 92' lang='lat' dir='ltr'><strong>in</strong></span> <span class='ocrx_word' id='word_1_96' title='bbox 190 825 324 889; x_wconf 82' lang='grc'><strong>4444444.</strong></span> <span class='ocrx_word' id='word_1_97' title='bbox 343 826 433 904; x_wconf 90' lang='lat' dir='ltr'><strong>epist.</strong></span> <span class='ocrx_word' id='word_1_98' title='bbox 449 826 488 887; x_wconf 89' lang='lat' dir='ltr'><strong>ad</strong></span> <span class='ocrx_word' id='word_1_99' title='bbox 504 825 868 906; x_wconf 79' lang='lat' dir='ltr'><strong>Loisianeorgiumlad</strong></span> <span class='ocrx_word' id='word_1_100' title='bbox 922 829 1015 892; x_wconf 90' lang='lat' dir='ltr'><strong>etiarn</strong></span> <span class='ocrx_word' id='word_1_101' title='bbox 1037 825 1197 906; x_wconf 78' lang='lat' dir='ltr'><strong>adjunxit:</strong></span> <span class='ocrx_word' id='word_1_102' title='bbox 1229 825 1389 888; x_wconf 87' lang='lat' dir='ltr'><strong>consulere</strong></span> <span class='ocrx_word' id='word_1_103' title='bbox 1410 823 1530 905; x_wconf 79' lang='lat' dir='ltr'><strong>jurabit</strong></span> <span class='ocrx_word' id='word_1_104' title='bbox 1550 827 1580 886; x_wconf 86' lang='lat' dir='ltr'><strong>B.</strong></span> <span class='ocrx_word' id='word_1_105' title='bbox 1598 826 1631 886; x_wconf 85' lang='lat' dir='ltr'><strong>ll.</strong></span> 
     </span>
     <span class='ocr_line' id='line_1_10' title="bbox 146 916 1630 998; baseline -0.001 -18"><span class='ocrx_word' id='word_1_106' title='bbox 146 916 368 982; x_wconf 83' lang='lat' dir='ltr'><strong>Fordinanduni</strong></span> <span class='ocrx_word' id='word_1_107' title='bbox 382 921 498 982; x_wconf 88' lang='lat' dir='ltr'><strong>Ducem</strong></span> <span class='ocrx_word' id='word_1_108' title='bbox 510 918 664 985; x_wconf 86' lang='lat' dir='ltr'><strong>Calabriae</strong></span> <span class='ocrx_word' id='word_1_109' title='bbox 683 919 867 982; x_wconf 79' lang='lat' dir='ltr'><strong>cohortatio:</strong></span> <span class='ocrx_word' id='word_1_110' title='bbox 921 923 1068 984; x_wconf 86' lang='lat' dir='ltr'><strong>loannem</strong></span> <span class='ocrx_word' id='word_1_111' title='bbox 1096 921 1293 984; x_wconf 87' lang='lat' dir='ltr'><strong>Benediotnm</strong></span> <span class='ocrx_word' id='word_1_112' title='bbox 1317 919 1519 998; x_wconf 85' lang='lat' dir='ltr'><strong>Carpzovium</strong></span> <span class='ocrx_word' id='word_1_113' title='bbox 1545 918 1630 997; x_wconf 90' lang='lat' dir='ltr'><strong>prole·</strong></span> 
     </span>
     <span class='ocr_line' id='line_1_11' title="bbox 145 1011 1634 1096; baseline 0 -22"><span class='ocrx_word' id='word_1_114' title='bbox 145 1013 182 1078; x_wconf 89' lang='lat' dir='ltr'><strong>ad</strong></span> <span class='ocrx_word' id='word_1_115' title='bbox 209 1013 404 1076; x_wconf 79' lang='lat' dir='ltr'><strong>Hermolaum</strong></span> <span class='ocrx_word' id='word_1_116' title='bbox 427 1013 593 1074; x_wconf 86' lang='lat' dir='ltr'><strong>Barbarum</strong></span> <span class='ocrx_word' id='word_1_117' title='bbox 617 1011 654 1076; x_wconf 83' lang='lat' dir='ltr'><strong>de</strong></span> <span class='ocrx_word' id='word_1_118' title='bbox 683 1011 869 1096; x_wconf 82' lang='lat' dir='ltr'><strong>Philosophia</strong></span> <span class='ocrx_word' id='word_1_119' title='bbox 922 1018 1059 1096; x_wconf 84' lang='lat' dir='ltr'><strong>gomenis</strong></span> <span class='ocrx_word' id='word_1_120' title='bbox 1076 1014 1114 1078; x_wconf 91' lang='lat' dir='ltr'><strong>ad</strong></span> <span class='ocrx_word' id='word_1_121' title='bbox 1131 1013 1302 1094; x_wconf 82' lang='lat' dir='ltr'><strong>llaymundi</strong></span> <span class='ocrx_word' id='word_1_122' title='bbox 1315 1014 1475 1092; x_wconf 83' lang='lat' dir='ltr'><strong>pugionem</strong></span> <span class='ocrx_word' id='word_1_123' title='bbox 1489 1056 1496 1088; x_wconf 93' lang='lat'><strong>,</strong></span> <span class='ocrx_word' id='word_1_124' title='bbox 1510 1012 1634 1074; x_wconf 84' lang='lat' dir='ltr'><strong>Colume-</strong></span> 
     </span>
     <span class='ocr_line' id='line_1_12' title="bbox 148 1105 1635 1188; baseline -0.001 -20"><span class='ocrx_word' id='word_1_125' title='bbox 148 1105 436 1188; x_wconf 62' lang='lat' dir='ltr'><strong>&amp;aecthirprimir</strong></span> <span class='ocrx_word' id='word_1_126' title='bbox 448 1106 616 1171; x_wconf 71' lang='lat' dir='ltr'><strong>themistio:</strong></span> <span class='ocrx_word' id='word_1_127' title='bbox 634 1107 672 1170; x_wconf 92' lang='lat' dir='ltr'><strong>ad</strong></span> <span class='ocrx_word' id='word_1_128' title='bbox 688 1105 869 1188; x_wconf 67' lang='grc'><strong>0444444444-</strong></span> <span class='ocrx_word' id='word_1_129' title='bbox 922 1111 1002 1172; x_wconf 91' lang='lat' dir='ltr'><strong>sium</strong></span> <span class='ocrx_word' id='word_1_130' title='bbox 1021 1112 1050 1170; x_wconf 92' lang='lat' dir='ltr'><strong>in</strong></span> <span class='ocrx_word' id='word_1_131' title='bbox 1068 1109 1153 1171; x_wconf 85' lang='lat' dir='ltr'><strong>ltalia</strong></span> <span class='ocrx_word' id='word_1_132' title='bbox 1170 1107 1325 1185; x_wconf 86' lang='lat' dir='ltr'><strong>Orientali,</strong></span> <span class='ocrx_word' id='word_1_133' title='bbox 1336 1123 1450 1186; x_wconf 90' lang='lat' dir='ltr'><strong>nupera</strong></span> <span class='ocrx_word' id='word_1_134' title='bbox 1467 1105 1635 1168; x_wconf 86' lang='lat' dir='ltr'><strong>Venerando</strong></span> 
     </span>
     <span class='ocr_line' id='line_1_13' title="bbox 144 1199 1706 1279; baseline -0.004 -17"><span class='ocrx_word' id='word_1_135' title='bbox 144 1199 870 1267; x_wconf 76' lang='grc' dir='ltr'><strong>44444444444444444Ρ44444;444444444444444444</strong></span> <span class='ocrx_word' id='word_1_136' title='bbox 921 1202 1030 1265; x_wconf 88' lang='lat' dir='ltr'><strong>Wolfio</strong></span> <span class='ocrx_word' id='word_1_137' title='bbox 1046 1209 1149 1266; x_wconf 89' lang='lat' dir='ltr'><strong>nostro</strong></span> <span class='ocrx_word' id='word_1_138' title='bbox 1167 1203 1195 1262; x_wconf 85' lang='lat' dir='ltr'><strong>in</strong></span> <span class='ocrx_word' id='word_1_139' title='bbox 1210 1202 1309 1264; x_wconf 89' lang='lat' dir='ltr'><strong>lucem</strong></span> <span class='ocrx_word' id='word_1_140' title='bbox 1327 1199 1397 1262; x_wconf 90' lang='lat' dir='ltr'><strong>data</strong></span> <span class='ocrx_word' id='word_1_141' title='bbox 1412 1217 1479 1279; x_wconf 89' lang='lat' dir='ltr'><strong>pag.</strong></span> <span class='ocrx_word' id='word_1_142' title='bbox 1497 1201 1555 1275; x_wconf 85' lang='grc'><strong>24,</strong></span> <span class='ocrx_word' id='word_1_143' title='bbox 1572 1215 1632 1278; x_wconf 85' lang='lat' dir='ltr'><strong>seq.</strong></span> <span class='ocrx_word' id='word_1_144' title='bbox 1704 1253 1706 1256; x_wconf 84' lang='lat'>.</span> 
     </span>
     <span class='ocr_line' id='line_1_14' title="bbox 145 1293 1638 1376; baseline -0.001 -21"><span class='ocrx_word' id='word_1_145' title='bbox 145 1293 230 1355; x_wconf 80' lang='lat' dir='ltr'><strong>Lucii</strong></span> <span class='ocrx_word' id='word_1_146' title='bbox 247 1294 394 1356; x_wconf 85' lang='lat' dir='ltr'><strong>Pontani:</strong></span> <span class='ocrx_word' id='word_1_147' title='bbox 411 1295 448 1357; x_wconf 89' lang='lat' dir='ltr'><strong>ad</strong></span> <span class='ocrx_word' id='word_1_148' title='bbox 467 1297 600 1358; x_wconf 90' lang='lat' dir='ltr'><strong>ldarcum</strong></span> <span class='ocrx_word' id='word_1_149' title='bbox 616 1296 792 1372; x_wconf 80' lang='lat' dir='ltr'><strong>Antonium,</strong></span> <span class='ocrx_word' id='word_1_150' title='bbox 809 1300 868 1360; x_wconf 87' lang='lat' dir='ltr'><strong>Lu·</strong></span> <span class='ocrx_word' id='word_1_151' title='bbox 922 1305 954 1360; x_wconf 90' lang='lat' dir='ltr'><strong>et</strong></span> <span class='ocrx_word' id='word_1_152' title='bbox 974 1293 1119 1360; x_wconf 84' lang='lat' dir='ltr'><strong>Wolfium</strong></span> <span class='ocrx_word' id='word_1_153' title='bbox 1144 1297 1244 1376; x_wconf 84' lang='lat' dir='ltr'><strong>ipsum</strong></span> <span class='ocrx_word' id='word_1_154' title='bbox 1271 1295 1346 1360; x_wconf 91' lang='lat' dir='ltr'><strong>Bibl.</strong></span> <span class='ocrx_word' id='word_1_155' title='bbox 1365 1295 1451 1356; x_wconf 88' lang='lat' dir='ltr'><strong>ilebr.</strong></span> <span class='ocrx_word' id='word_1_156' title='bbox 1469 1301 1539 1354; x_wconf 88' lang='lat' dir='ltr'><strong>tom.</strong></span> <span class='ocrx_word' id='word_1_157' title='bbox 1561 1296 1587 1355; x_wconf 92' lang='grc'><strong>4.</strong></span> <span class='ocrx_word' id='word_1_158' title='bbox 1608 1311 1638 1373; x_wconf 90' lang='lat' dir='ltr'><strong>p.</strong></span> 
     </span>
    </p>
   </div>
   <div class='ocr_carea' id='block_1_6' title="bbox 145 1386 1774 1468">
    <p class='ocr_par' dir='ltr' id='par_1_6' title="bbox 145 1386 1774 1468">
     <span class='ocr_line' id='line_1_15' title="bbox 145 1386 1774 1468; baseline 0 -20"><span class='ocrx_word' id='word_1_159' title='bbox 145 1390 282 1467; x_wconf 90' lang='lat' dir='ltr'><strong>piensem</strong></span> <span class='ocrx_word' id='word_1_160' title='bbox 293 1388 527 1468; x_wconf 84' lang='lat' dir='ltr'><strong>Episcopumde</strong></span> <span class='ocrx_word' id='word_1_161' title='bbox 542 1387 729 1452; x_wconf 69' lang='lat' dir='ltr'><strong>distentione</strong></span> <span class='ocrx_word' id='word_1_162' title='bbox 744 1389 871 1453; x_wconf 85' lang='lat' dir='ltr'><strong>hamoni</strong></span> <span class='ocrx_word' id='word_1_163' title='bbox 922 1390 976 1456; x_wconf 88' lang='grc'><strong>974</strong></span> <span class='ocrx_word' id='word_1_164' title='bbox 1004 1397 1076 1452; x_wconf 91' lang='lat' dir='ltr'><strong>tam.</strong></span> <span class='ocrx_word' id='word_1_165' title='bbox 1097 1390 1127 1452; x_wconf 91' lang='grc'><strong>2.</strong></span> <span class='ocrx_word' id='word_1_166' title='bbox 1148 1406 1214 1468; x_wconf 87' lang='lat' dir='ltr'><strong>pag.</strong></span> <span class='ocrx_word' id='word_1_167' title='bbox 1237 1389 1315 1452; x_wconf 91' lang='grc'><strong>4006</strong></span> <span class='ocrx_word' id='word_1_168' title='bbox 1337 1396 1368 1448; x_wconf 88' lang='grc'><strong>44</strong></span> <span class='ocrx_word' id='word_1_169' title='bbox 1390 1386 1467 1452; x_wconf 85' lang='grc'><strong>4274</strong></span> <span class='ocrx_word' id='word_1_170' title='bbox 1502 1393 1572 1448; x_wconf 89' lang='lat' dir='ltr'><strong>tom.</strong></span> <span class='ocrx_word' id='word_1_171' title='bbox 1609 1387 1635 1446; x_wconf 87' lang='grc'><strong>3.</strong></span> <span class='ocrx_word' id='word_1_172' title='bbox 1767 1437 1774 1466; x_wconf 85' lang='grc'><strong>,</strong></span> 
     </span>
    </p>
   </div>
   <div class='ocr_carea' id='block_1_7' title="bbox 64 1479 1705 4374">
    <p class='ocr_par' dir='ltr' id='par_1_7' title="bbox 64 1479 1705 2594">
     <span class='ocr_line' id='line_1_16' title="bbox 142 1479 1637 1564; baseline -0.003 -20"><span class='ocrx_word' id='word_1_173' title='bbox 142 1479 469 1562; x_wconf 81' lang='lat' dir='ltr'><strong>penerioetnobilitate:</strong></span> <span class='ocrx_word' id='word_1_174' title='bbox 482 1484 521 1546; x_wconf 91' lang='lat' dir='ltr'><strong>ad</strong></span> <span class='ocrx_word' id='word_1_175' title='bbox 532 1485 869 1564; x_wconf 79' lang='lat' dir='ltr'><strong>lliemnymumGarho-</strong></span> <span class='ocrx_word' id='word_1_176' title='bbox 924 1502 989 1564; x_wconf 87' lang='lat' dir='ltr'><strong>pag.</strong></span> <span class='ocrx_word' id='word_1_177' title='bbox 1007 1485 1080 1546; x_wconf 85' lang='grc'><strong>923.</strong></span> <span class='ocrx_word' id='word_1_178' title='bbox 1093 1484 1229 1546; x_wconf 89' lang='lat' dir='ltr'><strong>Diarium</strong></span> <span class='ocrx_word' id='word_1_179' title='bbox 1245 1481 1440 1550; x_wconf 88' lang='lat' dir='ltr'><strong>Eruditcrum</strong></span> <span class='ocrx_word' id='word_1_180' title='bbox 1454 1481 1553 1543; x_wconf 79' lang='lat' dir='ltr'><strong>italiae</strong></span> <span class='ocrx_word' id='word_1_181' title='bbox 1568 1485 1637 1540; x_wconf 91' lang='lat' dir='ltr'><strong>torn.</strong></span> 
     </span>
     <span class='ocr_line' id='line_1_17' title="bbox 64 1571 1639 1658; baseline -0.003 -20"><span class='ocrx_word' id='word_1_182' title='bbox 64 1605 73 1616; x_wconf 94' lang='lat'><strong>·</strong></span> <span class='ocrx_word' id='word_1_183' title='bbox 145 1572 262 1638; x_wconf 88' lang='lat' dir='ltr'><strong>nemde</strong></span> <span class='ocrx_word' id='word_1_184' title='bbox 276 1581 371 1637; x_wconf 87' lang='lat' dir='ltr'><strong>morte</strong></span> <span class='ocrx_word' id='word_1_185' title='bbox 384 1576 712 1640; x_wconf 56' lang='lat' dir='ltr'><strong>dedecorationem·</strong></span> <span class='ocrx_word' id='word_1_186' title='bbox 724 1577 869 1656; x_wconf 79' lang='lat' dir='ltr'><strong>adChry-</strong></span> <span class='ocrx_word' id='word_1_187' title='bbox 924 1581 972 1642; x_wconf 89' lang='lat' dir='ltr'><strong>l8.</strong></span> <span class='ocrx_word' id='word_1_188' title='bbox 988 1595 1055 1658; x_wconf 84' lang='lat' dir='ltr'><strong>pag.</strong></span> <span class='ocrx_word' id='word_1_189' title='bbox 1072 1578 1133 1640; x_wconf 88' lang='grc'><strong>288</strong></span> <span class='ocrx_word' id='word_1_190' title='bbox 1149 1577 1200 1642; x_wconf 88' lang='lat' dir='ltr'><strong>obi</strong></span> <span class='ocrx_word' id='word_1_191' title='bbox 1216 1575 1254 1638; x_wconf 90' lang='lat' dir='ltr'><strong>de</strong></span> <span class='ocrx_word' id='word_1_192' title='bbox 1271 1574 1358 1637; x_wconf 82' lang='lat' dir='ltr'><strong>Alex.</strong></span> <span class='ocrx_word' id='word_1_193' title='bbox 1372 1575 1503 1636; x_wconf 89' lang='lat' dir='ltr'><strong>Thomae</strong></span> <span class='ocrx_word' id='word_1_194' title='bbox 1520 1571 1639 1634; x_wconf 84' lang='lat' dir='ltr'><strong>Arcadii</strong></span> 
     </span>
     <span class='ocr_line' id='line_1_18' title="bbox 146 1666 1705 1758; baseline -0.003 -26"><span class='ocrx_word' id='word_1_195' title='bbox 146 1676 315 1734; x_wconf 84' lang='lat' dir='ltr'><strong>sostomum</strong></span> <span class='ocrx_word' id='word_1_196' title='bbox 333 1669 371 1732; x_wconf 84' lang='lat' dir='ltr'><strong>de</strong></span> <span class='ocrx_word' id='word_1_197' title='bbox 391 1667 486 1734; x_wconf 85' lang='lat' dir='ltr'><strong>oilloe</strong></span> <span class='ocrx_word' id='word_1_198' title='bbox 503 1670 655 1734; x_wconf 81' lang='lat' dir='ltr'><strong>incendio:</strong></span> <span class='ocrx_word' id='word_1_199' title='bbox 677 1672 715 1736; x_wconf 86' lang='lat' dir='ltr'><strong>ad</strong></span> <span class='ocrx_word' id='word_1_200' title='bbox 743 1671 870 1734; x_wconf 81' lang='lat' dir='ltr'><strong>Accium</strong></span> <span class='ocrx_word' id='word_1_201' title='bbox 923 1673 1059 1736; x_wconf 88' lang='lat' dir='ltr'><strong>Calatina</strong></span> <span class='ocrx_word' id='word_1_202' title='bbox 1078 1673 1229 1734; x_wconf 91' lang='lat' dir='ltr'><strong>litterata:</strong></span> <span class='ocrx_word' id='word_1_203' title='bbox 1245 1675 1277 1730; x_wconf 89' lang='lat' dir='ltr'><strong>et</strong></span> <span class='ocrx_word' id='word_1_204' title='bbox 1294 1675 1366 1730; x_wconf 90' lang='lat' dir='ltr'><strong>tom.</strong></span> <span class='ocrx_word' id='word_1_205' title='bbox 1395 1668 1443 1732; x_wconf 91' lang='grc'><strong>20.</strong></span> <span class='ocrx_word' id='word_1_206' title='bbox 1471 1685 1537 1746; x_wconf 86' lang='lat' dir='ltr'><strong>pag.</strong></span> <span class='ocrx_word' id='word_1_207' title='bbox 1563 1666 1639 1738; x_wconf 87' lang='grc'><strong>228,</strong></span> <span class='ocrx_word' id='word_1_208' title='bbox 1700 1748 1705 1758; x_wconf 19' lang='grc' dir='ltr'><strong>Χ</strong></span> 
     </span>
     <span class='ocr_line' id='line_1_19' title="bbox 145 1759 1640 1840; baseline -0.005 -15"><span class='ocrx_word' id='word_1_209' title='bbox 145 1765 304 1826; x_wconf 86' lang='lat' dir='ltr'><strong>Sinaerurn</strong></span> <span class='ocrx_word' id='word_1_210' title='bbox 337 1765 557 1828; x_wconf 73' lang='grc'><strong>8444444444</strong></span> <span class='ocrx_word' id='word_1_211' title='bbox 594 1764 631 1827; x_wconf 87' lang='lat' dir='ltr'><strong>de</strong></span> <span class='ocrx_word' id='word_1_212' title='bbox 669 1766 869 1830; x_wconf 77' lang='lat' dir='ltr'><strong>incantantia</strong></span> <span class='ocrx_word' id='word_1_213' title='bbox 922 1763 1027 1828; x_wconf 86' lang='lat' dir='ltr'><strong>ubi&#39;de</strong></span> <span class='ocrx_word' id='word_1_214' title='bbox 1045 1765 1192 1826; x_wconf 88' lang='lat' dir='ltr'><strong>Dominici</strong></span> <span class='ocrx_word' id='word_1_215' title='bbox 1212 1763 1251 1824; x_wconf 86' lang='lat' dir='ltr'><strong>de</strong></span> <span class='ocrx_word' id='word_1_216' title='bbox 1265 1762 1389 1840; x_wconf 80' lang='lat' dir='ltr'><strong>Angelis</strong></span> <span class='ocrx_word' id='word_1_217' title='bbox 1405 1777 1494 1840; x_wconf 88' lang='lat' dir='ltr'><strong>opere</strong></span> <span class='ocrx_word' id='word_1_218' title='bbox 1511 1759 1548 1822; x_wconf 91' lang='lat' dir='ltr'><strong>da</strong></span> <span class='ocrx_word' id='word_1_219' title='bbox 1570 1759 1640 1818; x_wconf 90' lang='lat' dir='ltr'><strong>vitis</strong></span> 
     </span>
     <span class='ocr_line' id='line_1_20' title="bbox 144 1855 1636 1930; baseline -0.005 -12"><span class='ocrx_word' id='word_1_220' title='bbox 144 1855 271 1930; x_wconf 83' lang='lat' dir='ltr'><strong>hamoni</strong></span> <span class='ocrx_word' id='word_1_221' title='bbox 285 1858 402 1922; x_wconf 88' lang='lat' dir='ltr'><strong>animi:</strong></span> <span class='ocrx_word' id='word_1_222' title='bbox 419 1859 458 1922; x_wconf 91' lang='lat' dir='ltr'><strong>ad</strong></span> <span class='ocrx_word' id='word_1_223' title='bbox 473 1860 630 1924; x_wconf 83' lang='lat' dir='ltr'><strong>Altilium:</strong></span> <span class='ocrx_word' id='word_1_224' title='bbox 648 1859 687 1922; x_wconf 93' lang='lat' dir='ltr'><strong>ad</strong></span> <span class='ocrx_word' id='word_1_225' title='bbox 706 1860 870 1922; x_wconf 84' lang='lat' dir='ltr'><strong>Fordioan-</strong></span> <span class='ocrx_word' id='word_1_226' title='bbox 922 1859 1109 1920; x_wconf 89' lang='lat' dir='ltr'><strong>eruditorum</strong></span> <span class='ocrx_word' id='word_1_227' title='bbox 1144 1857 1391 1920; x_wconf 88' lang='lat' dir='ltr'><strong>Salentinorurn:</strong></span> <span class='ocrx_word' id='word_1_228' title='bbox 1422 1855 1459 1917; x_wconf 88' lang='lat' dir='ltr'><strong>D.</strong></span> <span class='ocrx_word' id='word_1_229' title='bbox 1492 1857 1636 1916; x_wconf 84' lang='lat' dir='ltr'><strong>loannem</strong></span> 
     </span>
     <span class='ocr_line' id='line_1_21' title="bbox 145 1947 1641 2036; baseline -0.005 -23"><span class='ocrx_word' id='word_1_230' title='bbox 145 1951 218 2014; x_wconf 89' lang='lat' dir='ltr'><strong>dum</strong></span> <span class='ocrx_word' id='word_1_231' title='bbox 230 1950 431 2031; x_wconf 81' lang='lat' dir='ltr'><strong>Arragonium</strong></span> <span class='ocrx_word' id='word_1_232' title='bbox 444 1953 667 2033; x_wconf 81' lang='lat' dir='ltr'><strong>Campanorum</strong></span> <span class='ocrx_word' id='word_1_233' title='bbox 679 1957 866 2036; x_wconf 79' lang='lat' dir='ltr'><strong>Principem:</strong></span> <span class='ocrx_word' id='word_1_234' title='bbox 922 1953 1101 2030; x_wconf 83' lang='lat' dir='ltr'><strong>Fabricium,</strong></span> <span class='ocrx_word' id='word_1_235' title='bbox 1114 1952 1241 2014; x_wconf 86' lang='lat' dir='ltr'><strong>Helmst.</strong></span> <span class='ocrx_word' id='word_1_236' title='bbox 1254 1951 1337 2012; x_wconf 87' lang='lat' dir='ltr'><strong>Tora.</strong></span> <span class='ocrx_word' id='word_1_237' title='bbox 1354 1951 1382 2012; x_wconf 88' lang='grc'><strong>2.</strong></span> <span class='ocrx_word' id='word_1_238' title='bbox 1401 1965 1468 2028; x_wconf 89' lang='lat' dir='ltr'><strong>pag.</strong></span> <span class='ocrx_word' id='word_1_239' title='bbox 1486 1949 1552 2011; x_wconf 88' lang='grc'><strong>380.</strong></span> <span class='ocrx_word' id='word_1_240' title='bbox 1573 1947 1641 2008; x_wconf 87' lang='lat' dir='ltr'><strong>Wa-</strong></span> 
     </span>
     <span class='ocr_line' id='line_1_22' title="bbox 145 2043 1640 2128; baseline -0.003 -21"><span class='ocrx_word' id='word_1_241' title='bbox 145 2044 182 2107; x_wconf 89' lang='lat' dir='ltr'><strong>ad</strong></span> <span class='ocrx_word' id='word_1_242' title='bbox 205 2045 246 2106; x_wconf 91' lang='lat' dir='ltr'><strong>ill.</strong></span> <span class='ocrx_word' id='word_1_243' title='bbox 268 2047 381 2106; x_wconf 87' lang='lat' dir='ltr'><strong>Bonam</strong></span> <span class='ocrx_word' id='word_1_244' title='bbox 403 2046 548 2108; x_wconf 83' lang='grc'><strong>8444444444</strong></span> <span class='ocrx_word' id='word_1_245' title='bbox 568 2067 575 2108; x_wconf 91' lang='lat'><strong>:</strong></span> <span class='ocrx_word' id='word_1_246' title='bbox 592 2047 630 2108; x_wconf 89' lang='grc'><strong>44</strong></span> <span class='ocrx_word' id='word_1_247' title='bbox 653 2049 695 2111; x_wconf 89' lang='grc'><strong>444.</strong></span> <span class='ocrx_word' id='word_1_248' title='bbox 715 2050 866 2114; x_wconf 87' lang='lat' dir='ltr'><strong>Comitem</strong></span> <span class='ocrx_word' id='word_1_249' title='bbox 921 2047 1056 2128; x_wconf 88' lang='lat' dir='ltr'><strong>genseilii</strong></span> <span class='ocrx_word' id='word_1_250' title='bbox 1068 2047 1171 2122; x_wconf 80' lang='grc'><strong>844444</strong></span> <span class='ocrx_word' id='word_1_251' title='bbox 1184 2063 1250 2124; x_wconf 90' lang='lat' dir='ltr'><strong>pag.</strong></span> <span class='ocrx_word' id='word_1_252' title='bbox 1258 2046 1326 2108; x_wconf 90' lang='grc'><strong>262.</strong></span> <span class='ocrx_word' id='word_1_253' title='bbox 1342 2043 1486 2105; x_wconf 86' lang='lat' dir='ltr'><strong>Thomam</strong></span> <span class='ocrx_word' id='word_1_254' title='bbox 1499 2043 1640 2107; x_wconf 86' lang='lat' dir='ltr'><strong>Crenium</strong></span> 
     </span>
     <span class='ocr_line' id='line_1_23' title="bbox 144 2136 1642 2218; baseline -0.003 -18"><span class='ocrx_word' id='word_1_255' title='bbox 144 2140 373 2200; x_wconf 72' lang='lat' dir='ltr'><strong>Potentiorum:</strong></span> <span class='ocrx_word' id='word_1_256' title='bbox 391 2139 429 2202; x_wconf 90' lang='lat' dir='ltr'><strong>ad</strong></span> <span class='ocrx_word' id='word_1_257' title='bbox 448 2139 723 2218; x_wconf 79' lang='lat' dir='ltr'><strong>chrysostomum:</strong></span> <span class='ocrx_word' id='word_1_258' title='bbox 752 2142 789 2204; x_wconf 94' lang='lat' dir='ltr'><strong>ad</strong></span> <span class='ocrx_word' id='word_1_259' title='bbox 813 2145 868 2206; x_wconf 88' lang='lat' dir='ltr'><strong>Ca·</strong></span> <span class='ocrx_word' id='word_1_260' title='bbox 922 2149 994 2204; x_wconf 91' lang='lat' dir='ltr'><strong>torn.</strong></span> <span class='ocrx_word' id='word_1_261' title='bbox 1009 2145 1021 2204; x_wconf 92' lang='grc'><strong>4</strong></span> <span class='ocrx_word' id='word_1_262' title='bbox 1047 2139 1215 2204; x_wconf 87' lang='lat' dir='ltr'><strong>methodnr.</strong></span> <span class='ocrx_word' id='word_1_263' title='bbox 1230 2156 1297 2218; x_wconf 85' lang='lat' dir='ltr'><strong>pag.</strong></span> <span class='ocrx_word' id='word_1_264' title='bbox 1315 2139 1373 2200; x_wconf 83' lang='grc'><strong>528</strong></span> <span class='ocrx_word' id='word_1_265' title='bbox 1391 2143 1423 2196; x_wconf 89' lang='grc'><strong>44</strong></span> <span class='ocrx_word' id='word_1_266' title='bbox 1439 2143 1523 2214; x_wconf 89' lang='lat' dir='ltr'><strong>parte</strong></span> <span class='ocrx_word' id='word_1_267' title='bbox 1545 2137 1564 2196; x_wconf 89' lang='lat'><strong>3</strong></span> <span class='ocrx_word' id='word_1_268' title='bbox 1581 2136 1642 2196; x_wconf 90' lang='lat' dir='ltr'><strong>ani·</strong></span> 
     </span>
     <span class='ocr_line' id='line_1_24' title="bbox 149 2225 1643 2313; baseline -0.001 -21"><span class='ocrx_word' id='word_1_269' title='bbox 149 2232 294 2294; x_wconf 88' lang='grc'><strong>4444444444</strong></span> <span class='ocrx_word' id='word_1_270' title='bbox 323 2225 436 2312; x_wconf 77' lang='lat' dir='ltr'><strong>hagam</strong></span> <span class='ocrx_word' id='word_1_271' title='bbox 463 2232 696 2300; x_wconf 79' lang='lat' dir='ltr'><strong>Perdinandum.</strong></span> <span class='ocrx_word' id='word_1_272' title='bbox 718 2236 756 2296; x_wconf 89' lang='grc'><strong>44</strong></span> <span class='ocrx_word' id='word_1_273' title='bbox 784 2237 868 2299; x_wconf 88' lang='lat' dir='ltr'><strong>Nion-</strong></span> <span class='ocrx_word' id='word_1_274' title='bbox 920 2235 1073 2297; x_wconf 88' lang='lat' dir='ltr'><strong>madvers.</strong></span> <span class='ocrx_word' id='word_1_275' title='bbox 1093 2253 1121 2313; x_wconf 91' lang='lat' dir='ltr'><strong>p.</strong></span> <span class='ocrx_word' id='word_1_276' title='bbox 1146 2233 1193 2296; x_wconf 88' lang='grc'><strong>72.</strong></span> <span class='ocrx_word' id='word_1_277' title='bbox 1219 2233 1410 2295; x_wconf 89' lang='lat' dir='ltr'><strong>imbonatom</strong></span> <span class='ocrx_word' id='word_1_278' title='bbox 1436 2229 1510 2293; x_wconf 86' lang='lat' dir='ltr'><strong>Bibl.</strong></span> <span class='ocrx_word' id='word_1_279' title='bbox 1540 2231 1643 2291; x_wconf 88' lang='lat' dir='ltr'><strong>Latino</strong></span> 
     </span>
     <span class='ocr_line' id='line_1_25' title="bbox 144 2321 1640 2409; baseline -0.003 -23"><span class='ocrx_word' id='word_1_280' title='bbox 144 2327 229 2392; x_wconf 86' lang='lat' dir='ltr'><strong>laum</strong></span> <span class='ocrx_word' id='word_1_281' title='bbox 247 2327 469 2400; x_wconf 88' lang='lat' dir='ltr'><strong>Leonieeuum,</strong></span> <span class='ocrx_word' id='word_1_282' title='bbox 492 2327 659 2390; x_wconf 87' lang='lat' dir='ltr'><strong>lledicom:</strong></span> <span class='ocrx_word' id='word_1_283' title='bbox 677 2329 715 2392; x_wconf 92' lang='lat' dir='ltr'><strong>ad</strong></span> <span class='ocrx_word' id='word_1_284' title='bbox 737 2330 868 2409; x_wconf 83' lang='lat' dir='ltr'><strong>Chryso·</strong></span> <span class='ocrx_word' id='word_1_285' title='bbox 923 2329 1009 2392; x_wconf 86' lang='grc'><strong>44444.</strong></span> <span class='ocrx_word' id='word_1_286' title='bbox 1027 2345 1094 2407; x_wconf 85' lang='lat' dir='ltr'><strong>pag.</strong></span> <span class='ocrx_word' id='word_1_287' title='bbox 1113 2327 1172 2389; x_wconf 89' lang='grc'><strong>493</strong></span> <span class='ocrx_word' id='word_1_288' title='bbox 1190 2333 1222 2388; x_wconf 87' lang='grc'><strong>44</strong></span> <span class='ocrx_word' id='word_1_289' title='bbox 1235 2324 1423 2388; x_wconf 82' lang='lat' dir='ltr'><strong>leonardum</strong></span> <span class='ocrx_word' id='word_1_290' title='bbox 1446 2321 1640 2385; x_wconf 85' lang='lat' dir='ltr'><strong>Nicodemum</strong></span> 
     </span>
     <span class='ocr_line' id='line_1_26' title="bbox 146 2415 1641 2500; baseline -0.003 -20"><span class='ocrx_word' id='word_1_291' title='bbox 146 2426 281 2482; x_wconf 83' lang='lat' dir='ltr'><strong>atomum</strong></span> <span class='ocrx_word' id='word_1_292' title='bbox 297 2417 336 2480; x_wconf 82' lang='lat' dir='ltr'><strong>de</strong></span> <span class='ocrx_word' id='word_1_293' title='bbox 358 2419 508 2500; x_wconf 79' lang='lat' dir='ltr'><strong>Prospero</strong></span> <span class='ocrx_word' id='word_1_294' title='bbox 533 2419 698 2485; x_wconf 85' lang='lat' dir='ltr'><strong>Columna:</strong></span> <span class='ocrx_word' id='word_1_295' title='bbox 729 2423 767 2484; x_wconf 92' lang='lat' dir='ltr'><strong>ad</strong></span> <span class='ocrx_word' id='word_1_296' title='bbox 793 2443 867 2488; x_wconf 90' lang='lat' dir='ltr'><strong>ean·</strong></span> <span class='ocrx_word' id='word_1_297' title='bbox 921 2426 952 2484; x_wconf 93' lang='lat' dir='ltr'><strong>in</strong></span> <span class='ocrx_word' id='word_1_298' title='bbox 969 2421 1175 2484; x_wconf 85' lang='lat' dir='ltr'><strong>additionibus</strong></span> <span class='ocrx_word' id='word_1_299' title='bbox 1191 2419 1230 2482; x_wconf 89' lang='lat' dir='ltr'><strong>ad</strong></span> <span class='ocrx_word' id='word_1_300' title='bbox 1257 2418 1394 2480; x_wconf 85' lang='lat' dir='ltr'><strong>Biblioth.</strong></span> <span class='ocrx_word' id='word_1_301' title='bbox 1420 2415 1641 2494; x_wconf 85' lang='lat' dir='ltr'><strong>Neapolitanam</strong></span> 
     </span>
     <span class='ocr_line' id='line_1_27' title="bbox 144 2511 1403 2594; baseline -0.002 -20"><span class='ocrx_word' id='word_1_302' title='bbox 144 2511 370 2592; x_wconf 82' lang='lat' dir='ltr'><strong>demdepapna</strong></span> <span class='ocrx_word' id='word_1_303' title='bbox 381 2512 526 2576; x_wconf 79' lang='lat' dir='ltr'><strong>tredmim</strong></span> <span class='ocrx_word' id='word_1_304' title='bbox 537 2515 671 2594; x_wconf 78' lang='lat' dir='ltr'><strong>equitnm</strong></span> <span class='ocrx_word' id='word_1_305' title='bbox 682 2518 739 2579; x_wconf 88' lang='lat' dir='ltr'><strong>:ad</strong></span> <span class='ocrx_word' id='word_1_306' title='bbox 751 2519 866 2582; x_wconf 85' lang='lat' dir='ltr'><strong>lulium</strong></span> <span class='ocrx_word' id='word_1_307' title='bbox 920 2515 1033 2577; x_wconf 88' lang='lat' dir='ltr'><strong>Nicolai</strong></span> <span class='ocrx_word' id='word_1_308' title='bbox 1049 2515 1143 2594; x_wconf 90' lang='lat' dir='ltr'><strong>Toppi</strong></span> <span class='ocrx_word' id='word_1_309' title='bbox 1154 2530 1227 2594; x_wconf 89' lang='lat' dir='ltr'><strong>pag.</strong></span> <span class='ocrx_word' id='word_1_310' title='bbox 1248 2513 1300 2574; x_wconf 89' lang='grc'><strong>284</strong></span> <span class='ocrx_word' id='word_1_311' title='bbox 1318 2558 1326 2590; x_wconf 93' lang='grc'><strong>,</strong></span> <span class='ocrx_word' id='word_1_312' title='bbox 1341 2528 1403 2589; x_wconf 90' lang='lat' dir='ltr'><strong>seq.</strong></span> 
     </span>
    </p>

    <p class='ocr_par' dir='ltr' id='par_1_8' title="bbox 143 2602 1702 3348">
     <span class='ocr_line' id='line_1_28' title="bbox 145 2602 1702 2690; baseline -0.004 -22"><span class='ocrx_word' id='word_1_313' title='bbox 145 2606 181 2668; x_wconf 91' lang='lat' dir='ltr'><strong>ll.</strong></span> <span class='ocrx_word' id='word_1_314' title='bbox 203 2607 310 2670; x_wconf 86' lang='lat' dir='ltr'><strong>Pontii.</strong></span> <span class='ocrx_word' id='word_1_315' title='bbox 332 2609 408 2670; x_wconf 84' lang='grc'><strong>4444.</strong></span> <span class='ocrx_word' id='word_1_316' title='bbox 431 2608 468 2690; x_wconf 90' lang='grc'><strong>44</strong></span> <span class='ocrx_word' id='word_1_317' title='bbox 490 2608 725 2688; x_wconf 85' lang='lat' dir='ltr'><strong>liquaevivum:</strong></span> <span class='ocrx_word' id='word_1_318' title='bbox 747 2612 785 2674; x_wconf 90' lang='grc'><strong>44</strong></span> <span class='ocrx_word' id='word_1_319' title='bbox 806 2615 868 2676; x_wconf 89' lang='grc'><strong>444-</strong></span> <span class='ocrx_word' id='word_1_320' title='bbox 962 2605 1233 2672; x_wconf 81' lang='lat' dir='ltr'><strong>Sicutahhreudin</strong></span> <span class='ocrx_word' id='word_1_321' title='bbox 1257 2607 1451 2668; x_wconf 79' lang='lat' dir='ltr'><strong>confutantur</strong></span> <span class='ocrx_word' id='word_1_322' title='bbox 1469 2602 1510 2663; x_wconf 91' lang='lat' dir='ltr'><strong>illi</strong></span> <span class='ocrx_word' id='word_1_323' title='bbox 1524 2603 1576 2680; x_wconf 89' lang='lat' dir='ltr'><strong>qui</strong></span> <span class='ocrx_word' id='word_1_324' title='bbox 1590 2618 1642 2662; x_wconf 82' lang='lat' dir='ltr'><strong>ex·</strong></span> <span class='ocrx_word' id='word_1_325' title='bbox 1697 2615 1702 2622; x_wconf 88' lang='lat'><strong>·</strong></span> 
     </span>
     <span class='ocr_line' id='line_1_29' title="bbox 144 2692 1641 2784; baseline -0.004 -24"><span class='ocrx_word' id='word_1_326' title='bbox 144 2703 345 2775; x_wconf 88' lang='lat' dir='ltr'><strong>ramentium,</strong></span> <span class='ocrx_word' id='word_1_327' title='bbox 372 2701 528 2781; x_wconf 74' lang='lat' dir='ltr'><strong>singulari</strong></span> <span class='ocrx_word' id='word_1_328' title='bbox 546 2702 582 2764; x_wconf 86' lang='lat' dir='ltr'><strong>de</strong></span> <span class='ocrx_word' id='word_1_329' title='bbox 603 2719 707 2784; x_wconf 80' lang='lat' dir='ltr'><strong>prapna</strong></span> <span class='ocrx_word' id='word_1_330' title='bbox 729 2706 867 2769; x_wconf 80' lang='grc'><strong>44444444</strong></span> <span class='ocrx_word' id='word_1_331' title='bbox 917 2701 1037 2782; x_wconf 87' lang='lat' dir='ltr'><strong>judaeis</strong></span> <span class='ocrx_word' id='word_1_332' title='bbox 1051 2702 1227 2764; x_wconf 83' lang='lat' dir='ltr'><strong>Galaticum</strong></span> <span class='ocrx_word' id='word_1_333' title='bbox 1243 2706 1365 2778; x_wconf 87' lang='lat' dir='ltr'><strong>praeter</strong></span> <span class='ocrx_word' id='word_1_334' title='bbox 1381 2692 1641 2768; x_wconf 87' lang='lat' dir='ltr'><strong>remadsorihunt,</strong></span> 
     </span>
     <span class='ocr_line' id='line_1_30' title="bbox 144 2787 1640 2874; baseline -0.005 -20"><span class='ocrx_word' id='word_1_335' title='bbox 144 2799 175 2854; x_wconf 87' lang='grc'><strong>44</strong></span> <span class='ocrx_word' id='word_1_336' title='bbox 188 2793 296 2860; x_wconf 77' lang='lat' dir='ltr'><strong>tironis</strong></span> <span class='ocrx_word' id='word_1_337' title='bbox 303 2792 406 2858; x_wconf 83' lang='lat' dir='ltr'><strong>militis</strong></span> <span class='ocrx_word' id='word_1_338' title='bbox 418 2815 426 2856; x_wconf 94' lang='lat'><strong>:</strong></span> <span class='ocrx_word' id='word_1_339' title='bbox 439 2795 608 2862; x_wconf 88' lang='lat' dir='ltr'><strong>achtrum</strong></span> <span class='ocrx_word' id='word_1_340' title='bbox 619 2797 863 2862; x_wconf 79' lang='lat' dir='ltr'><strong>summentium:</strong></span> <span class='ocrx_word' id='word_1_341' title='bbox 920 2801 964 2874; x_wconf 88' lang='lat' dir='ltr'><strong>(ut</strong></span> <span class='ocrx_word' id='word_1_342' title='bbox 980 2797 1014 2856; x_wconf 87' lang='grc' dir='ltr'><strong>Β.</strong></span> <span class='ocrx_word' id='word_1_343' title='bbox 1034 2793 1172 2856; x_wconf 77' lang='lat' dir='ltr'><strong>Esdram</strong></span> <span class='ocrx_word' id='word_1_344' title='bbox 1190 2791 1369 2855; x_wconf 76' lang='lat' dir='ltr'><strong>lidoardam</strong></span> <span class='ocrx_word' id='word_1_345' title='bbox 1380 2789 1406 2865; x_wconf 85' lang='lat' dir='ltr'><strong>a)</strong></span> <span class='ocrx_word' id='word_1_346' title='bbox 1432 2797 1571 2850; x_wconf 88' lang='lat' dir='ltr'><strong>nostrum</strong></span> <span class='ocrx_word' id='word_1_347' title='bbox 1583 2787 1640 2858; x_wconf 90' lang='lat' dir='ltr'><strong>alii,</strong></span> 
     </span>
     <span class='ocr_line' id='line_1_31' title="bbox 145 2883 1638 2971; baseline -0.005 -23"><span class='ocrx_word' id='word_1_348' title='bbox 145 2887 182 2948; x_wconf 90' lang='lat' dir='ltr'><strong>ad</strong></span> <span class='ocrx_word' id='word_1_349' title='bbox 204 2889 382 2952; x_wconf 83' lang='lat' dir='ltr'><strong>Belisarium</strong></span> <span class='ocrx_word' id='word_1_350' title='bbox 409 2888 643 2969; x_wconf 73' lang='lat' dir='ltr'><strong>aquaevivum:</strong></span> <span class='ocrx_word' id='word_1_351' title='bbox 666 2891 703 2953; x_wconf 91' lang='lat' dir='ltr'><strong>ad</strong></span> <span class='ocrx_word' id='word_1_352' title='bbox 731 2894 864 2971; x_wconf 85' lang='lat' dir='ltr'><strong>Ugouern</strong></span> <span class='ocrx_word' id='word_1_353' title='bbox 919 2891 968 2952; x_wconf 90' lang='lat' dir='ltr'><strong>alii</strong></span> <span class='ocrx_word' id='word_1_354' title='bbox 983 2890 1185 2954; x_wconf 85' lang='lat' dir='ltr'><strong>NICOLllUli</strong></span> <span class='ocrx_word' id='word_1_355' title='bbox 1210 2889 1333 2962; x_wconf 73' lang='lat' dir='ltr'><strong>darom,</strong></span> <span class='ocrx_word' id='word_1_356' title='bbox 1349 2885 1386 2946; x_wconf 88' lang='lat' dir='ltr'><strong>de</strong></span> <span class='ocrx_word' id='word_1_357' title='bbox 1403 2900 1463 2962; x_wconf 90' lang='lat' dir='ltr'><strong>quo</strong></span> <span class='ocrx_word' id='word_1_358' title='bbox 1490 2883 1567 2944; x_wconf 89' lang='lat' dir='ltr'><strong>inira</strong></span> <span class='ocrx_word' id='word_1_359' title='bbox 1587 2897 1638 2944; x_wconf 92' lang='lat' dir='ltr'><strong>suo</strong></span> 
     </span>
     <span class='ocr_line' id='line_1_32' title="bbox 144 2976 1640 3064; baseline -0.003 -22"><span class='ocrx_word' id='word_1_360' title='bbox 144 2983 336 3059; x_wconf 87' lang='lat' dir='ltr'><strong>ldartellum,</strong></span> <span class='ocrx_word' id='word_1_361' title='bbox 370 2984 554 3063; x_wconf 83' lang='lat' dir='ltr'><strong>Episcopum</strong></span> <span class='ocrx_word' id='word_1_362' title='bbox 589 2987 790 3064; x_wconf 88' lang='lat' dir='ltr'><strong>Lupiensem:</strong></span> <span class='ocrx_word' id='word_1_363' title='bbox 826 2987 864 3049; x_wconf 88' lang='lat' dir='ltr'><strong>ad</strong></span> <span class='ocrx_word' id='word_1_364' title='bbox 917 2987 1011 3062; x_wconf 70' lang='grc'><strong>44444</strong></span> <span class='ocrx_word' id='word_1_365' title='bbox 1040 2987 1084 3046; x_wconf 82' lang='grc'><strong>444</strong></span> <span class='ocrx_word' id='word_1_366' title='bbox 1100 2983 1250 3045; x_wconf 91' lang='lat' dir='ltr'><strong>laudatus</strong></span> <span class='ocrx_word' id='word_1_367' title='bbox 1273 2977 1399 3040; x_wconf 87' lang='lat' dir='ltr'><strong>Wolirus</strong></span> <span class='ocrx_word' id='word_1_368' title='bbox 1427 2977 1455 3052; x_wconf 85' lang='grc'><strong>4)</strong></span> <span class='ocrx_word' id='word_1_369' title='bbox 1485 2976 1640 3040; x_wconf 89' lang='lat' dir='ltr'><strong>diversum</strong></span> 
     </span>
     <span class='ocr_line' id='line_1_33' title="bbox 143 3069 1641 3156; baseline -0.007 -18"><span class='ocrx_word' id='word_1_370' title='bbox 143 3076 703 3156; x_wconf 75' lang='grc'><strong>4444444444444444444444444444444</strong></span> <span class='ocrx_word' id='word_1_371' title='bbox 714 3099 720 3141; x_wconf 90' lang='lat'><strong>:</strong></span> <span class='ocrx_word' id='word_1_372' title='bbox 731 3080 864 3142; x_wconf 78' lang='lat' dir='ltr'><strong>adElea·</strong></span> <span class='ocrx_word' id='word_1_373' title='bbox 918 3095 986 3140; x_wconf 89' lang='lat' dir='ltr'><strong>esse</strong></span> <span class='ocrx_word' id='word_1_374' title='bbox 1002 3078 1092 3140; x_wconf 89' lang='lat' dir='ltr'><strong>docet</strong></span> <span class='ocrx_word' id='word_1_375' title='bbox 1110 3076 1281 3138; x_wconf 87' lang='lat' dir='ltr'><strong>Calatinum</strong></span> <span class='ocrx_word' id='word_1_376' title='bbox 1299 3074 1439 3146; x_wconf 88' lang='lat' dir='ltr'><strong>aPetro,</strong></span> <span class='ocrx_word' id='word_1_377' title='bbox 1456 3087 1549 3149; x_wconf 87' lang='lat' dir='ltr'><strong>quem</strong></span> <span class='ocrx_word' id='word_1_378' title='bbox 1575 3069 1641 3148; x_wconf 91' lang='lat' dir='ltr'><strong>Lip-</strong></span> 
     </span>
     <span class='ocr_line' id='line_1_34' title="bbox 146 3163 1642 3251; baseline -0.005 -21"><span class='ocrx_word' id='word_1_379' title='bbox 146 3185 250 3232; x_wconf 84' lang='lat' dir='ltr'><strong>zarum</strong></span> <span class='ocrx_word' id='word_1_380' title='bbox 265 3169 434 3234; x_wconf 79' lang='lat' dir='ltr'><strong>Caesareae</strong></span> <span class='ocrx_word' id='word_1_381' title='bbox 448 3173 605 3251; x_wconf 78' lang='lat' dir='ltr'><strong>Augustae</strong></span> <span class='ocrx_word' id='word_1_382' title='bbox 616 3181 863 3236; x_wconf 87' lang='lat' dir='ltr'><strong>commorantem:</strong></span> <span class='ocrx_word' id='word_1_383' title='bbox 918 3189 1049 3235; x_wconf 91' lang='lat' dir='ltr'><strong>mannus</strong></span> <span class='ocrx_word' id='word_1_384' title='bbox 1088 3170 1223 3233; x_wconf 87' lang='lat' dir='ltr'><strong>iudaeus</strong></span> <span class='ocrx_word' id='word_1_385' title='bbox 1257 3171 1426 3244; x_wconf 89' lang='lat' dir='ltr'><strong>apostatam</strong></span> <span class='ocrx_word' id='word_1_386' title='bbox 1461 3163 1642 3226; x_wconf 88' lang='lat' dir='ltr'><strong>ludaeorum</strong></span> 
     </span>
     <span class='ocr_line' id='line_1_35' title="bbox 145 3261 1454 3348; baseline -0.002 -24"><span class='ocrx_word' id='word_1_387' title='bbox 145 3261 184 3324; x_wconf 88' lang='lat' dir='ltr'><strong>ad</strong></span> <span class='ocrx_word' id='word_1_388' title='bbox 204 3263 384 3326; x_wconf 87' lang='lat' dir='ltr'><strong>Belisarium</strong></span> <span class='ocrx_word' id='word_1_389' title='bbox 406 3265 628 3344; x_wconf 85' lang='lat' dir='ltr'><strong>llquanvivum.</strong></span> <span class='ocrx_word' id='word_1_390' title='bbox 918 3266 1132 3328; x_wconf 89' lang='lat' dir='ltr'><strong>adversarium</strong></span> <span class='ocrx_word' id='word_1_391' title='bbox 1150 3263 1338 3343; x_wconf 87' lang='lat' dir='ltr'><strong>perstringit·</strong></span> <span class='ocrx_word' id='word_1_392' title='bbox 1406 3334 1411 3348; x_wconf 39' lang='grc' dir='ltr'><strong><em>Ι</em></strong></span> <span class='ocrx_word' id='word_1_393' title='bbox 1450 3313 1454 3322; x_wconf 92' lang='grc'><strong>.</strong></span> 
     </span>
    </p>

    <p class='ocr_par' dir='ltr' id='par_1_9' title="bbox 141 3345 1695 4374">
     <span class='ocr_line' id='line_1_36' title="bbox 179 3345 1642 3437; baseline -0.01 -13"><span class='ocrx_word' id='word_1_394' title='bbox 179 3355 295 3424; x_wconf 76' lang='lat' dir='ltr'><strong>Petras</strong></span> <span class='ocrx_word' id='word_1_395' title='bbox 311 3357 467 3434; x_wconf 85' lang='lat' dir='ltr'><strong>Columna,</strong></span> <span class='ocrx_word' id='word_1_396' title='bbox 486 3375 503 3420; x_wconf 90' lang='lat' dir='ltr'><strong>a</strong></span> <span class='ocrx_word' id='word_1_397' title='bbox 521 3361 620 3437; x_wconf 91' lang='lat' dir='ltr'><strong>patria</strong></span> <span class='ocrx_word' id='word_1_398' title='bbox 636 3359 864 3436; x_wconf 80' lang='lat' dir='ltr'><strong>GhLdTlNliS,</strong></span> <span class='ocrx_word' id='word_1_399' title='bbox 958 3362 1087 3422; x_wconf 81' lang='lat' dir='ltr'><strong>Caetera</strong></span> <span class='ocrx_word' id='word_1_400' title='bbox 1112 3357 1245 3420; x_wconf 87' lang='lat' dir='ltr'><strong>Calatini</strong></span> <span class='ocrx_word' id='word_1_401' title='bbox 1272 3355 1386 3432; x_wconf 89' lang='lat' dir='ltr'><strong>scripta</strong></span> <span class='ocrx_word' id='word_1_402' title='bbox 1411 3359 1486 3414; x_wconf 89' lang='lat' dir='ltr'><strong>sunt</strong></span> <span class='ocrx_word' id='word_1_403' title='bbox 1512 3366 1586 3432; x_wconf 86' lang='lat' dir='ltr'><strong>opus</strong></span> <span class='ocrx_word' id='word_1_404' title='bbox 1607 3345 1642 3409; x_wconf 88' lang='lat' dir='ltr'><strong>de</strong></span> 
     </span>
     <span class='ocr_line' id='line_1_37' title="bbox 145 3447 1643 3533; baseline -0.005 -21"><span class='ocrx_word' id='word_1_405' title='bbox 145 3465 241 3526; x_wconf 87' lang='lat' dir='ltr'><strong>eoque</strong></span> <span class='ocrx_word' id='word_1_406' title='bbox 256 3452 355 3512; x_wconf 88' lang='lat' dir='ltr'><strong>notior</strong></span> <span class='ocrx_word' id='word_1_407' title='bbox 372 3453 513 3526; x_wconf 89' lang='lat' dir='ltr'><strong>nomine,</strong></span> <span class='ocrx_word' id='word_1_408' title='bbox 530 3450 651 3531; x_wconf 78' lang='lat' dir='ltr'><strong>Apulus</strong></span> <span class='ocrx_word' id='word_1_409' title='bbox 671 3452 743 3514; x_wconf 89' lang='lat' dir='ltr'><strong>Ord.</strong></span> <span class='ocrx_word' id='word_1_410' title='bbox 760 3455 864 3515; x_wconf 82' lang='lat' dir='ltr'><strong>Minor.</strong></span> <span class='ocrx_word' id='word_1_411' title='bbox 922 3451 1076 3533; x_wconf 82' lang='lat' dir='ltr'><strong>Theolopio</strong></span> <span class='ocrx_word' id='word_1_412' title='bbox 1112 3452 1246 3514; x_wconf 88' lang='lat' dir='ltr'><strong>dicatum</strong></span> <span class='ocrx_word' id='word_1_413' title='bbox 1268 3449 1358 3511; x_wconf 89' lang='lat' dir='ltr'><strong>Paulo</strong></span> <span class='ocrx_word' id='word_1_414' title='bbox 1385 3449 1435 3508; x_wconf 89' lang='lat' dir='ltr'><strong>ill.</strong></span> <span class='ocrx_word' id='word_1_415' title='bbox 1457 3453 1489 3508; x_wconf 91' lang='lat' dir='ltr'><strong>et</strong></span> <span class='ocrx_word' id='word_1_416' title='bbox 1509 3447 1643 3526; x_wconf 86' lang='lat' dir='ltr'><strong>quinque</strong></span> 
     </span>
     <span class='ocr_line' id='line_1_38' title="bbox 143 3536 1647 3625; baseline -0.006 -21"><span class='ocrx_word' id='word_1_417' title='bbox 143 3545 166 3604; x_wconf 92' lang='lat' dir='ltr'>L</span> <span class='ocrx_word' id='word_1_418' title='bbox 192 3543 299 3608; x_wconf 89' lang='lat' dir='ltr'><strong>Pucalo</strong></span> <span class='ocrx_word' id='word_1_419' title='bbox 316 3543 467 3614; x_wconf 84' lang='lat' dir='ltr'><strong>Cardinali</strong></span> <span class='ocrx_word' id='word_1_420' title='bbox 483 3544 646 3623; x_wconf 77' lang='lat' dir='ltr'><strong>familiaris,</strong></span> <span class='ocrx_word' id='word_1_421' title='bbox 664 3543 691 3625; x_wconf 87' lang='grc'><strong>4)</strong></span> <span class='ocrx_word' id='word_1_422' title='bbox 709 3548 867 3608; x_wconf 85' lang='lat' dir='ltr'><strong>Paeniten·</strong></span> <span class='ocrx_word' id='word_1_423' title='bbox 919 3545 1119 3615; x_wconf 86' lang='lat' dir='ltr'><strong>distributam</strong></span> <span class='ocrx_word' id='word_1_424' title='bbox 1140 3545 1277 3625; x_wconf 88' lang='lat' dir='ltr'><strong>partibus</strong></span> <span class='ocrx_word' id='word_1_425' title='bbox 1292 3587 1299 3619; x_wconf 85' lang='lat'><strong>,</strong></span> <span class='ocrx_word' id='word_1_426' title='bbox 1317 3540 1564 3620; x_wconf 88' lang='lat' dir='ltr'><strong>singularumque</strong></span> <span class='ocrx_word' id='word_1_427' title='bbox 1582 3536 1647 3616; x_wconf 90' lang='lat' dir='ltr'><strong>plu·</strong></span> 
     </span>
     <span class='ocr_line' id='line_1_39' title="bbox 143 3628 1695 3718; baseline -0.005 -24"><span class='ocrx_word' id='word_1_428' title='bbox 143 3637 250 3697; x_wconf 91' lang='lat' dir='ltr'><strong>tiarius</strong></span> <span class='ocrx_word' id='word_1_429' title='bbox 267 3637 374 3698; x_wconf 85' lang='lat' dir='ltr'><strong>Leonis</strong></span> <span class='ocrx_word' id='word_1_430' title='bbox 389 3639 428 3712; x_wconf 85' lang='lat' dir='ltr'><strong>X,</strong></span> <span class='ocrx_word' id='word_1_431' title='bbox 449 3645 481 3698; x_wconf 89' lang='lat' dir='ltr'><strong>et</strong></span> <span class='ocrx_word' id='word_1_432' title='bbox 499 3637 706 3718; x_wconf 87' lang='lat' dir='ltr'><strong>Philosophiae</strong></span> <span class='ocrx_word' id='word_1_433' title='bbox 721 3657 757 3702; x_wconf 91' lang='grc'><strong>44</strong></span> <span class='ocrx_word' id='word_1_434' title='bbox 771 3641 866 3702; x_wconf 79' lang='lat' dir='ltr'><strong>Thea</strong></span> <span class='ocrx_word' id='word_1_435' title='bbox 920 3643 1003 3704; x_wconf 88' lang='lat' dir='ltr'><strong>ribus</strong></span> <span class='ocrx_word' id='word_1_436' title='bbox 1035 3640 1142 3716; x_wconf 88' lang='lat' dir='ltr'><strong>libris,</strong></span> <span class='ocrx_word' id='word_1_437' title='bbox 1177 3654 1307 3716; x_wconf 86' lang='lat' dir='ltr'><strong>quorum</strong></span> <span class='ocrx_word' id='word_1_438' title='bbox 1335 3637 1514 3714; x_wconf 85' lang='lat' dir='ltr'><strong>argumenta</strong></span> <span class='ocrx_word' id='word_1_439' title='bbox 1549 3628 1645 3688; x_wconf 86' lang='lat' dir='ltr'><strong>videri</strong></span> <span class='ocrx_word' id='word_1_440' title='bbox 1692 3653 1695 3667; x_wconf 92' lang='lat'><strong>·</strong></span> 
     </span>
     <span class='ocr_line' id='line_1_40' title="bbox 143 3723 1604 3814; baseline -0.004 -24"><span class='ocrx_word' id='word_1_441' title='bbox 143 3729 237 3807; x_wconf 88' lang='lat' dir='ltr'><strong>lagiae</strong></span> <span class='ocrx_word' id='word_1_442' title='bbox 258 3730 413 3792; x_wconf 90' lang='lat' dir='ltr'><strong>Proiessor</strong></span> <span class='ocrx_word' id='word_1_443' title='bbox 434 3733 545 3796; x_wconf 81' lang='lat' dir='ltr'><strong>Romae</strong></span> <span class='ocrx_word' id='word_1_444' title='bbox 566 3735 688 3812; x_wconf 88' lang='lat' dir='ltr'><strong>scripsit</strong></span> <span class='ocrx_word' id='word_1_445' title='bbox 712 3733 749 3796; x_wconf 89' lang='lat' dir='ltr'><strong>ad</strong></span> <span class='ocrx_word' id='word_1_446' title='bbox 777 3737 868 3798; x_wconf 85' lang='grc'><strong>44444-</strong></span> <span class='ocrx_word' id='word_1_447' title='bbox 919 3740 1048 3814; x_wconf 89' lang='lat' dir='ltr'><strong>possunt</strong></span> <span class='ocrx_word' id='word_1_448' title='bbox 1068 3733 1153 3813; x_wconf 91' lang='lat' dir='ltr'><strong>apud</strong></span> <span class='ocrx_word' id='word_1_449' title='bbox 1169 3730 1374 3808; x_wconf 87' lang='lat' dir='ltr'><strong>Waddingnm</strong></span> <span class='ocrx_word' id='word_1_450' title='bbox 1389 3744 1418 3805; x_wconf 90' lang='lat' dir='ltr'><strong>p.</strong></span> <span class='ocrx_word' id='word_1_451' title='bbox 1431 3723 1499 3785; x_wconf 88' lang='grc'><strong>289.</strong></span> <span class='ocrx_word' id='word_1_452' title='bbox 1517 3739 1581 3799; x_wconf 87' lang='lat' dir='ltr'><strong>seq.</strong></span> <span class='ocrx_word' id='word_1_453' title='bbox 1602 3767 1604 3771; x_wconf 84' lang='lat'><em>-</em></span> 
     </span>
     <span class='ocr_line' id='line_1_41' title="bbox 144 3813 1646 3904; baseline -0.003 -20"><span class='ocrx_word' id='word_1_454' title='bbox 144 3822 529 3904; x_wconf 89' lang='lat' dir='ltr'><strong>milianuml,dialogorum</strong></span> <span class='ocrx_word' id='word_1_455' title='bbox 539 3829 867 3890; x_wconf 85' lang='lat' dir='ltr'><strong>moreinterloannem</strong></span> <span class='ocrx_word' id='word_1_456' title='bbox 962 3824 1194 3890; x_wconf 84' lang='lat' dir='ltr'><strong>Commentario</strong></span> <span class='ocrx_word' id='word_1_457' title='bbox 1213 3821 1318 3903; x_wconf 88' lang='lat' dir='ltr'><strong>amplo</strong></span> <span class='ocrx_word' id='word_1_458' title='bbox 1335 3822 1366 3882; x_wconf 90' lang='lat' dir='ltr'><strong>io</strong></span> <span class='ocrx_word' id='word_1_459' title='bbox 1390 3813 1588 3898; x_wconf 75' lang='lat' dir='ltr'><strong>Apocalypsin</strong></span> <span class='ocrx_word' id='word_1_460' title='bbox 1607 3813 1646 3875; x_wconf 85' lang='lat' dir='ltr'><strong>od</strong></span> 
     </span>
     <span class='ocr_line' id='line_1_42' title="bbox 142 3910 1647 4000; baseline -0.007 -22"><span class='ocrx_word' id='word_1_461' title='bbox 142 3916 360 3991; x_wconf 83' lang='lat' dir='ltr'><strong>Reuchlinum,</strong></span> <span class='ocrx_word' id='word_1_462' title='bbox 379 3919 617 3998; x_wconf 87' lang='lat' dir='ltr'><strong>liogstratanurn</strong></span> <span class='ocrx_word' id='word_1_463' title='bbox 634 3925 666 3980; x_wconf 79' lang='lat' dir='ltr'><strong>m</strong></span> <span class='ocrx_word' id='word_1_464' title='bbox 679 3921 867 4000; x_wconf 87' lang='lat' dir='ltr'><strong>Galaticum,</strong></span> <span class='ocrx_word' id='word_1_465' title='bbox 922 3923 1062 3990; x_wconf 79' lang='lat' dir='ltr'><strong>carolum</strong></span> <span class='ocrx_word' id='word_1_466' title='bbox 1077 3922 1111 3982; x_wconf 85' lang='lat' dir='ltr'><strong>v.</strong></span> <span class='ocrx_word' id='word_1_467' title='bbox 1131 3919 1214 3984; x_wconf 90' lang='lat' dir='ltr'><strong>llSS.</strong></span> <span class='ocrx_word' id='word_1_468' title='bbox 1237 3922 1268 3978; x_wconf 91' lang='lat' dir='ltr'><strong>in</strong></span> <span class='ocrx_word' id='word_1_469' title='bbox 1286 3915 1425 3978; x_wconf 48' lang='lat' dir='ltr'><strong>¹iliblinth.</strong></span> <span class='ocrx_word' id='word_1_470' title='bbox 1451 3910 1595 3972; x_wconf 77' lang='lat' dir='ltr'><strong>Vaticana</strong></span> <span class='ocrx_word' id='word_1_471' title='bbox 1616 3915 1647 3968; x_wconf 89' lang='lat' dir='ltr'><strong>et</strong></span> 
     </span>
     <span class='ocr_line' id='line_1_43' title="bbox 142 4008 1395 4089; baseline -0.002 -19"><span class='ocrx_word' id='word_1_472' title='bbox 142 4008 179 4070; x_wconf 89' lang='lat' dir='ltr'><strong>de</strong></span> <span class='ocrx_word' id='word_1_473' title='bbox 191 4009 316 4074; x_wconf 82' lang='lat' dir='ltr'><strong>arcanis</strong></span> <span class='ocrx_word' id='word_1_474' title='bbox 331 4009 502 4074; x_wconf 74' lang='lat' dir='ltr'><strong>Catholicae</strong></span> <span class='ocrx_word' id='word_1_475' title='bbox 522 4011 663 4073; x_wconf 81' lang='lat' dir='ltr'><strong>Veritatis</strong></span> <span class='ocrx_word' id='word_1_476' title='bbox 681 4011 782 4074; x_wconf 85' lang='lat' dir='ltr'><strong>libros</strong></span> <span class='ocrx_word' id='word_1_477' title='bbox 799 4015 867 4089; x_wconf 84' lang='lat' dir='ltr'><strong>llll,</strong></span> <span class='ocrx_word' id='word_1_478' title='bbox 922 4017 1194 4076; x_wconf 86' lang='lat' dir='ltr'><strong>Francisoanorum</strong></span> <span class='ocrx_word' id='word_1_479' title='bbox 1212 4011 1290 4074; x_wconf 77' lang='lat' dir='ltr'><strong>Arae</strong></span> <span class='ocrx_word' id='word_1_480' title='bbox 1304 4009 1395 4072; x_wconf 88' lang='lat' dir='ltr'><strong>Coeli.</strong></span> 
     </span>
     <span class='ocr_line' id='line_1_44' title="bbox 141 4099 1643 4187; baseline -0.002 -25"><span class='ocrx_word' id='word_1_481' title='bbox 141 4104 251 4181; x_wconf 89' lang='lat' dir='ltr'><strong>quihus</strong></span> <span class='ocrx_word' id='word_1_482' title='bbox 268 4106 417 4184; x_wconf 82' lang='lat' dir='ltr'><strong>pleraque</strong></span> <span class='ocrx_word' id='word_1_483' title='bbox 434 4109 598 4186; x_wconf 82' lang='lat' dir='ltr'><strong>Religionis</strong></span> <span class='ocrx_word' id='word_1_484' title='bbox 613 4107 803 4168; x_wconf 89' lang='lat' dir='ltr'><strong>Christianae</strong></span> <span class='ocrx_word' id='word_1_485' title='bbox 820 4125 869 4170; x_wconf 90' lang='lat' dir='ltr'><strong>ca-</strong></span> <span class='ocrx_word' id='word_1_486' title='bbox 962 4108 1047 4187; x_wconf 91' lang='lat' dir='ltr'><strong>Opus</strong></span> <span class='ocrx_word' id='word_1_487' title='bbox 1062 4107 1097 4168; x_wconf 86' lang='lat' dir='ltr'><strong>de</strong></span> <span class='ocrx_word' id='word_1_488' title='bbox 1110 4105 1261 4170; x_wconf 82' lang='lat' dir='ltr'><strong>Ecclesiae</strong></span> <span class='ocrx_word' id='word_1_489' title='bbox 1274 4101 1445 4169; x_wconf 85' lang='lat' dir='ltr'><strong>Catholicae</strong></span> <span class='ocrx_word' id='word_1_490' title='bbox 1455 4099 1643 4170; x_wconf 80' lang='grc'><strong>444444444444,</strong></span> 
     </span>
     <span class='ocr_line' id='line_1_45' title="bbox 142 4191 1645 4284; baseline -0.003 -29"><span class='ocrx_word' id='word_1_491' title='bbox 142 4198 204 4274; x_wconf 91' lang='lat' dir='ltr'><strong>pita</strong></span> <span class='ocrx_word' id='word_1_492' title='bbox 219 4205 323 4261; x_wconf 91' lang='lat' dir='ltr'><strong>contra</strong></span> <span class='ocrx_word' id='word_1_493' title='bbox 334 4200 464 4264; x_wconf 86' lang='lat' dir='ltr'><strong>ludaeos</strong></span> <span class='ocrx_word' id='word_1_494' title='bbox 474 4219 513 4262; x_wconf 82' lang='lat' dir='ltr'><strong>ex</strong></span> <span class='ocrx_word' id='word_1_495' title='bbox 525 4202 564 4262; x_wconf 90' lang='lat' dir='ltr'><strong>·S.</strong></span> <span class='ocrx_word' id='word_1_496' title='bbox 581 4203 738 4280; x_wconf 83' lang='lat' dir='ltr'><strong>Scriptura</strong></span> <span class='ocrx_word' id='word_1_497' title='bbox 752 4203 869 4264; x_wconf 84' lang='lat' dir='ltr'><strong>Veteris</strong></span> <span class='ocrx_word' id='word_1_498' title='bbox 924 4200 1141 4284; x_wconf 75' lang='lat' dir='ltr'><strong>deformatione</strong></span> <span class='ocrx_word' id='word_1_499' title='bbox 1157 4205 1187 4262; x_wconf 87' lang='lat' dir='ltr'><strong>et</strong></span> <span class='ocrx_word' id='word_1_500' title='bbox 1202 4197 1428 4281; x_wconf 76' lang='lat' dir='ltr'><strong>reformatione,</strong></span> <span class='ocrx_word' id='word_1_501' title='bbox 1444 4191 1645 4272; x_wconf 75' lang='lat' dir='ltr'><strong>quatuorve</strong></span> 
     </span>
     <span class='ocr_line' id='line_1_46' title="bbox 141 4290 997 4374; baseline 0.009 -26"><span class='ocrx_word' id='word_1_502' title='bbox 141 4290 222 4350; x_wconf 86' lang='lat' dir='ltr'><strong>Test.</strong></span> <span class='ocrx_word' id='word_1_503' title='bbox 244 4307 282 4351; x_wconf 82' lang='lat' dir='ltr'><strong>ex</strong></span> <span class='ocrx_word' id='word_1_504' title='bbox 312 4294 460 4356; x_wconf 75' lang='lat' dir='ltr'><strong>l‘alrnude</strong></span> <span class='ocrx_word' id='word_1_505' title='bbox 485 4301 517 4356; x_wconf 88' lang='lat' dir='ltr'><strong>et</strong></span> <span class='ocrx_word' id='word_1_506' title='bbox 546 4292 719 4355; x_wconf 86' lang='lat' dir='ltr'><strong>Rahbinicis</strong></span> <span class='ocrx_word' id='word_1_507' title='bbox 745 4295 868 4374; x_wconf 90' lang='lat' dir='ltr'><strong>scriptis</strong></span> <span class='ocrx_word' id='word_1_508' title='bbox 923 4297 997 4359; x_wconf 91' lang='lat' dir='ltr'><strong>lurn.</strong></span> 
     </span>
    </p>
   </div>
   <div class='ocr_carea' id='block_1_8' title="bbox 142 4379 1760 4484">
    <p class='ocr_par' dir='ltr' id='par_1_10' title="bbox 142 4379 1760 4484">
     <span class='ocr_line' id='line_1_47' title="bbox 142 4379 1760 4484; baseline 0 -42"><span class='ocrx_word' id='word_1_509' title='bbox 142 4381 365 4446; x_wconf 86' lang='lat' dir='ltr'><strong>confirmantur</strong></span> <span class='ocrx_word' id='word_1_510' title='bbox 386 4394 417 4446; x_wconf 90' lang='lat' dir='ltr'><strong>et</strong></span> <span class='ocrx_word' id='word_1_511' title='bbox 436 4388 638 4452; x_wconf 87' lang='lat' dir='ltr'><strong>illustrantur.</strong></span> <span class='ocrx_word' id='word_1_512' title='bbox 660 4389 759 4448; x_wconf 89' lang='lat' dir='ltr'><strong>Prima</strong></span> <span class='ocrx_word' id='word_1_513' title='bbox 778 4389 870 4451; x_wconf 93' lang='lat' dir='ltr'><strong>editio</strong></span> <span class='ocrx_word' id='word_1_514' title='bbox 966 4389 1233 4472; x_wconf 82' lang='lat' dir='ltr'><strong>Ostiamapertam</strong></span> <span class='ocrx_word' id='word_1_515' title='bbox 1248 4391 1315 4450; x_wconf 87' lang='lat' dir='ltr'><strong>siva</strong></span> <span class='ocrx_word' id='word_1_516' title='bbox 1331 4383 1367 4444; x_wconf 86' lang='lat' dir='ltr'><strong>de</strong></span> <span class='ocrx_word' id='word_1_517' title='bbox 1380 4386 1464 4444; x_wconf 89' lang='lat' dir='ltr'><strong>recta</strong></span> <span class='ocrx_word' id='word_1_518' title='bbox 1475 4379 1648 4460; x_wconf 75' lang='grc'><strong>884444444-</strong></span> <span class='ocrx_word' id='word_1_519' title='bbox 1755 4471 1760 4484; x_wconf 89' lang='lat'><em>.</em></span> 
     </span>
    </p>
   </div>
   <div class='ocr_carea' id='block_1_9' title="bbox 143 4476 1647 4640">
    <p class='ocr_par' dir='ltr' id='par_1_11' title="bbox 143 4476 1647 4640">
     <span class='ocr_line' id='line_1_48' title="bbox 143 4476 1251 4566; baseline 0.005 -30"><span class='ocrx_word' id='word_1_520' title='bbox 143 4478 242 4554; x_wconf 90' lang='lat' dir='ltr'><strong>aperis</strong></span> <span class='ocrx_word' id='word_1_521' title='bbox 256 4476 346 4553; x_wconf 83' lang='lat' dir='ltr'><strong>jussu</strong></span> <span class='ocrx_word' id='word_1_522' title='bbox 368 4481 476 4542; x_wconf 82' lang='lat' dir='ltr'><strong>Leonis</strong></span> <span class='ocrx_word' id='word_1_523' title='bbox 500 4486 551 4558; x_wconf 87' lang='grc' dir='ltr'><strong>Χ,</strong></span> <span class='ocrx_word' id='word_1_524' title='bbox 574 4483 708 4561; x_wconf 88' lang='lat' dir='ltr'><strong>suscepti</strong></span> <span class='ocrx_word' id='word_1_525' title='bbox 729 4490 760 4544; x_wconf 90' lang='lat' dir='ltr'><strong>et</strong></span> <span class='ocrx_word' id='word_1_526' title='bbox 782 4483 870 4545; x_wconf 83' lang='lat' dir='ltr'><strong>Anno</strong></span> <span class='ocrx_word' id='word_1_527' title='bbox 925 4503 980 4547; x_wconf 86' lang='lat' dir='ltr'><strong>rae</strong></span> <span class='ocrx_word' id='word_1_528' title='bbox 998 4483 1251 4566; x_wconf 80' lang='lat' dir='ltr'><strong>interpretatione.</strong></span> 
     </span>
     <span class='ocr_line' id='line_1_49' title="bbox 143 4562 1647 4640; baseline -0.005 -9"><span class='ocrx_word' id='word_1_529' title='bbox 143 4569 222 4632; x_wconf 86' lang='grc'><strong>4546</strong></span> <span class='ocrx_word' id='word_1_530' title='bbox 242 4570 371 4633; x_wconf 89' lang='lat' dir='ltr'><strong>absoluti</strong></span> <span class='ocrx_word' id='word_1_531' title='bbox 397 4571 477 4634; x_wconf 87' lang='lat' dir='ltr'><strong>vidit</strong></span> <span class='ocrx_word' id='word_1_532' title='bbox 499 4576 600 4638; x_wconf 89' lang='grc'><strong>4444444</strong></span> <span class='ocrx_word' id='word_1_533' title='bbox 626 4577 779 4638; x_wconf 87' lang='grc'><strong>04444444</strong></span> <span class='ocrx_word' id='word_1_534' title='bbox 807 4595 871 4640; x_wconf 91' lang='lat' dir='ltr'><strong>ma·</strong></span> <span class='ocrx_word' id='word_1_535' title='bbox 968 4581 1011 4640; x_wconf 85' lang='lat' dir='ltr'><strong>De</strong></span> <span class='ocrx_word' id='word_1_536' title='bbox 1026 4580 1130 4640; x_wconf 88' lang='lat' dir='ltr'><strong>anima</strong></span> <span class='ocrx_word' id='word_1_537' title='bbox 1147 4573 1324 4638; x_wconf 75' lang='lat' dir='ltr'><strong>intellectiva</strong></span> <span class='ocrx_word' id='word_1_538' title='bbox 1340 4577 1372 4632; x_wconf 91' lang='lat' dir='ltr'><strong>et</strong></span> <span class='ocrx_word' id='word_1_539' title='bbox 1395 4569 1431 4632; x_wconf 85' lang='lat' dir='ltr'><strong>de</strong></span> <span class='ocrx_word' id='word_1_540' title='bbox 1452 4566 1587 4640; x_wconf 89' lang='lat' dir='ltr'><strong>homine,</strong></span> <span class='ocrx_word' id='word_1_541' title='bbox 1610 4562 1647 4624; x_wconf 88' lang='lat' dir='ltr'><strong>ad</strong></span> 
     </span>
    </p>
   </div>
   <div class='ocr_carea' id='block_1_10' title="bbox 139 4697 1691 4874">
    <p class='ocr_par' dir='ltr' id='par_1_12' title="bbox 139 4697 1691 4874">
     <span class='ocr_line' id='line_1_50' title="bbox 185 4697 1691 4800; baseline -0.003 -16"><span class='ocrx_word' id='word_1_542' title='bbox 185 4731 212 4792; x_wconf 84' lang='grc'><strong>4)</strong></span> <span class='ocrx_word' id='word_1_543' title='bbox 230 4697 387 4794; x_wconf 75' lang='lat' dir='ltr'><strong>lltddlngus</strong></span> <span class='ocrx_word' id='word_1_544' title='bbox 405 4743 464 4795; x_wconf 77' lang='lat' dir='ltr'><strong>pag.</strong></span> <span class='ocrx_word' id='word_1_545' title='bbox 476 4731 537 4784; x_wconf 86' lang='grc'><strong>297.</strong></span> <span class='ocrx_word' id='word_1_546' title='bbox 554 4745 608 4795; x_wconf 80' lang='grc'><strong>444.</strong></span> <span class='ocrx_word' id='word_1_547' title='bbox 631 4737 804 4790; x_wconf 70' lang='lat' dir='ltr'><strong>Bibliothecae</strong></span> <span class='ocrx_word' id='word_1_548' title='bbox 820 4739 880 4792; x_wconf 82' lang='grc'><strong>044.</strong></span> <span class='ocrx_word' id='word_1_549' title='bbox 970 4739 997 4800; x_wconf 83' lang='lat' dir='ltr'><strong>a)</strong></span> <span class='ocrx_word' id='word_1_550' title='bbox 1012 4737 1074 4790; x_wconf 82' lang='lat' dir='ltr'><strong>vide</strong></span> <span class='ocrx_word' id='word_1_551' title='bbox 1090 4743 1110 4788; x_wconf 91' lang='lat' dir='ltr'><strong>t.</strong></span> <span class='ocrx_word' id='word_1_552' title='bbox 1126 4737 1142 4786; x_wconf 82' lang='grc'><strong>2</strong></span> <span class='ocrx_word' id='word_1_553' title='bbox 1158 4735 1302 4786; x_wconf 79' lang='lat' dir='ltr'><strong>memorien.</strong></span> <span class='ocrx_word' id='word_1_554' title='bbox 1318 4728 1408 4780; x_wconf 85' lang='lat' dir='ltr'><strong>llnmh.</strong></span> <span class='ocrx_word' id='word_1_555' title='bbox 1425 4741 1449 4790; x_wconf 90' lang='lat' dir='ltr'><strong>p.</strong></span> <span class='ocrx_word' id='word_1_556' title='bbox 1468 4703 1587 4774; x_wconf 71' lang='lat' dir='ltr'><strong>1⁰35·v</strong></span> <span class='ocrx_word' id='word_1_557' title='bbox 1688 4765 1691 4773; x_wconf 79' lang='lat'><strong>,</strong></span> 
     </span>
     <span class='ocr_line' id='line_1_51' title="bbox 139 4803 1371 4874; baseline 0.001 -20"><span class='ocrx_word' id='word_1_558' title='bbox 139 4806 208 4854; x_wconf 84' lang='grc'><strong>444444</strong></span> <span class='ocrx_word' id='word_1_559' title='bbox 222 4818 243 4854; x_wconf 90' lang='lat' dir='ltr'><strong>r.</strong></span> <span class='ocrx_word' id='word_1_560' title='bbox 979 4813 1006 4874; x_wconf 88' lang='grc'><strong>4)</strong></span> <span class='ocrx_word' id='word_1_561' title='bbox 1022 4817 1051 4864; x_wconf 78' lang='lat' dir='ltr'><strong>P.</strong></span> <span class='ocrx_word' id='word_1_562' title='bbox 1069 4813 1085 4862; x_wconf 78' lang='grc'><strong>4</strong></span> <span class='ocrx_word' id='word_1_563' title='bbox 1101 4809 1164 4862; x_wconf 82' lang='lat' dir='ltr'><strong>athi.</strong></span> <span class='ocrx_word' id='word_1_564' title='bbox 1180 4810 1255 4860; x_wconf 87' lang='lat' dir='ltr'><strong>llahr.</strong></span> <span class='ocrx_word' id='word_1_565' title='bbox 1271 4821 1296 4870; x_wconf 86' lang='lat' dir='ltr'><strong>p.</strong></span> <span class='ocrx_word' id='word_1_566' title='bbox 1311 4803 1371 4856; x_wconf 77' lang='grc'><strong>924.</strong></span> 
     </span>
    </p>
   </div>
   <div class='ocr_carea' id='block_1_11' title="bbox 0 0 1786 5582">
    <p class='ocr_par' dir='ltr' id='par_1_13' title="bbox 0 0 1786 5582">
     <span class='ocr_line' id='line_1_52' title="bbox 0 0 1786 5582; baseline 0 0"><span class='ocrx_word' id='word_1_567' title='bbox 0 0 1786 5582; x_wconf 95' lang='lat' dir='ltr'><strong> </strong></span> 
     </span>
    </p>
   </div>
  </div>
 </body>
</html>
