3562 5582
597 75 600 80 ¹
677 122 974 185 4444444444
1518 133 1579 198 444

69 236 117 310 qui
136 231 309 294 inevitabile
325 232 449 294 dieitur.
466 231 622 312 Dialogum
639 233 720 295 14444
735 233 797 294 edi·
853 237 1007 312 guntinae.
1024 236 1138 298 Deinde
1154 239 1232 299 inter
1253 237 1390 316 ejusdem
1408 247 1580 322 argumenti

71 325 112 385 dit
132 326 281 404 Georgius
297 325 489 404 Cassander
516 326 619 388 Gelon.
649 325 738 388 4550
768 329 796 386 8.
853 330 1017 406 scriptores
1037 330 1140 392 64144
1164 331 1253 392 4568.
1274 333 1358 393 item.
1376 335 1465 395 4590.
1485 337 1576 398 Paris.

72 418 150 480 unde
169 435 296 482 recusus
312 438 341 478 44
354 419 523 482 Cassandro
534 419 715 498 epenbusp
725 420 799 482 643-
855 419 945 481 4640.
969 421 1018 480 441.
1050 430 1081 480 44
1118 424 1147 481 44
1180 423 1303 501 speculo
1329 427 1437 488 Missae
1469 428 1576 489 Venet.

71 511 136 574 039.
154 520 247 591 atque
264 511 336 574 rude
350 529 391 574 444
406 511 531 572 teanms
542 511 673 588 Canen
683 528 711 570 44
725 513 798 575 Ges-
853 514 947 590 etque
968 513 997 572 44
1021 513 1215 574 bibliothecis
1236 516 1360 578 Petrum
1382 519 1485 581 arton.
1504 517 1577 582 tom.

73 605 174 667 sendri
207 621 313 666 manes
344 605 447 684 injurii
478 604 609 666 editione
639 604 1035 686 Antwerp.X11.Lugd
1058 608 1603 675 444411446444444441444644444·

74 699 159 760 4040.
197 699 283 760 teet.
317 699 345 765 8
381 700 410 758 44
442 697 632 759 bibliothecis
664 700 796 760 Petrum.
853 699 1049 776 Engethusin.

75 793 164 852 44444.
188 797 262 852 tem
280 792 318 852 111
340 791 511 854 6414444444
533 798 604 851 tem.
629 793 687 852 xit
709 798 741 852 44
765 794 796 852 44
893 791 910 826 '¹
927 792 1058 854 Libellus
1079 791 1116 854 de
1135 793 1258 856 Gemma
1275 797 1395 858 animae
1416 799 1580 878 inscriptus

74 885 284 965 supplemento
300 883 357 946 4444.
371 883 458 946 4644.
470 891 501 944 44
514 883 708 962 Lugdunensi
722 891 796 946 tom.
851 891 936 946 extat
956 884 1037 965 apud
1053 903 1102 946 me
1120 889 1150 946 44
1168 889 1229 950 448.
1248 889 1358 950 Codice
1376 893 1472 952 veteri
1485 909 1580 952 mem-

80 981 135 1041 1414
157 995 225 1058 pag.
249 979 336 1040 4448.
851 978 1007 1055 1444444444,
1022 980 1188 1057 multisque
1200 983 1387 1044 variantibus
1401 983 1580 1046 lectionibus

103 1071 271 1133 i.Libeilus
282 1072 520 1149 sermmnnqui
531 1068 797 1151 Spectrlantliecie-
851 1072 889 1132 ab
903 1072 994 1133 editis
1008 1071 1175 1152 discrepat,
1192 1091 1286 1153 quare
1304 1091 1363 1136 444
1377 1077 1497 1142 inanem
1509 1093 1579 1157 ope·

74 1165 135 1226 4444
151 1163 797 1243 4444444444.4446444464444444444044-
851 1181 916 1226 ram
938 1165 1086 1227 daturum
1108 1166 1198 1228 crede
1222 1168 1307 1229 411444
1324 1170 1378 1247 qui
1398 1169 1436 1230 ad
1458 1176 1579 1234 votens

76 1257 228 1338 tenbergie
255 1259 396 1318 coioniae
423 1258 511 1320 1581.
542 1259 571 1317 8.
597 1273 667 1320 cum
696 1257 795 1320 14041-
850 1258 931 1320 iuss.
948 1258 1075 1320 Codices
1090 1261 1275 1322 recensitum
1294 1263 1475 1341 opusculum
1495 1264 1576 1326 istud

16 1415 20 1424 ,
77 1349 267 1428 6140114444
279 1353 386 1411 vitiose
396 1365 574 1429 expressum
592 1349 796 1430 processe-
850 1351 1017 1412 recuderet.
1034 1351 1135 1429 Atque
1152 1353 1304 1432 inprimis
1325 1353 1578 1418 animadvertisse
1679 1387 1685 1398 ·

76 1445 142 1519 14111
166 1444 373 1506 Sermonibus.
850 1445 935 1505 iuvat
956 1448 986 1504 44
1007 1444 1110 1506 446444
1131 1446 1182 1506 4114
1203 1445 1261 1508 148.
1293 1448 1418 1509 inscribi
1448 1465 1579 1528 opuscu-

112 1539 140 1596 5
151 1537 196 1598 04
206 1535 418 1597 incontinentia
435 1535 649 1612 8444464οι444,
669 1539 722 1616 qui
743 1537 797 1618 Os·
849 1537 912 1598 lum
935 1538 1009 1600 41146
1032 1554 1092 1598 444
1113 1539 1239 1618 quidem
1261 1547 1296 1602 44
1310 1543 1340 1600 44
1353 1540 1443 1602 464444
1454 1541 1578 1606 Gemma

75 1627 256 1710 444444444ιὶ4444
277 1629 455 1708 4444114444.
476 1629 538 1689 4444
556 1637 667 1690 exstat.
848 1629 1037 1691 animane
1057 1630 1181 1692 Gemma
1193 1630 1493 1697 aeconomum
1512 1638 1577 1715 ipse

112 1723 139 1783 6.
162 1725 288 1802 Samma
304 1721 401 1794 tatius,
418 1721 455 1782 de
469 1721 636 1783 omnimoda
653 1721 791 1784 44444444.
848 1725 940 1802 priori
956 1726 1057 1802 444444
1075 1727 1180 1804 eapite
1201 1726 1410 1788 additamenta
1427 1728 1578 1806 quaedam

78 1815 176 1878 146444
197 1819 294 1896 possit
314 1815 471 1876 diversum
492 1815 530 1876 ab
552 1815 608 1876 hee
629 1827 697 1876 esse
708 1833 793 1896 ,pre
848 1824 1013 1878 occurrunt
1030 1833 1090 1879 non
1113 1818 1303 1897 spernenda,
1325 1821 1438 1881 etenim
1461 1827 1530 1898 pest
1543 1823 1579 1882 41

77 1909 179 1971 eodem
197 1909 335 1971 habitum
356 1927 373 1970 a
394 1910 557 1970 Passerine
578 1907 671 1969 breve
688 1907 725 1968 de
742 1927 793 1969 ae·
849 1907 900 1969 lud
925 1909 1054 1972 verbum
1073 1910 1220 2015 prodesse
1251 1911 1407 1974 additur'
1401 1929 1431 1972 44
1462 1920 1575 1975 444444.

4 1999 5 2010 ’
78 2000 187 2063 44444444
206 2001 314 2064 Mundi
344 2001 530 2078 chronicon,
552 2001 590 2062 ab
619 2000 699 2063 Orbe
723 2019 794 2063 cen·
849 2003 1004 2078 Quatenus
1024 2004 1201 2064 memoriam
1223 2005 1271 2065 toi
1286 2004 1418 2066 enniano
1435 2005 1577 2066 444444444-

4 2119 6 2164 4
77 2095 134 2156 dite
154 2095 193 2157 ad
208 2097 340 2156 auctoris
356 2101 502 2174 tempere,
516 2094 595 2173 qued
611 2095 678 2156 libri
694 2097 791 2173 quinti
849 2090 905 2155 bns
918 2093 1037 2174 jupiter
1058 2083 1148 2157 liceat
1170 2097 1315 2158 interesse
1336 2106 1393 2169 etc.
1472 2115 1474 2120 ·

4 2173 6 2234 ἷ
77 2189 171 2251 locum
187 2193 313 2268 occupat
330 2191 409 2249 inter
425 2196 543 2268 septem
554 2191 672 2250 14444444
690 2190 791 2268 1414444,
888 2188 916 2247 8.
937 2189 1241 2268 Sacramentorinm‚
1274 2190 1311 2252 de
1342 2193 1572 2272 Sacramentt's;

77 2283 170 2344 464444
192 2283 326 2345 04441444
349 2281 437 2344 4541.
460 2283 488 2342 8.
510 2289 631 2344 etcum
652 2283 792 2346 Librede
849 2282 915 2342 sive
936 2281 1096 2344 decausis
1129 2291 1160 2344 et
1191 2283 1362 2363 significatu
1383 2287 1512 2364 Mystico
1532 2288 1573 2347 ri·
1642 2273 1645 2280 “
1684 2353 1688 2362 ,

79 2375 262 2455 temporibus
284 2375 381 2452 (44444
414 2376 794 2453 444414114444444414-
850 2380 936 2437 tuum
958 2377 1059 2437 bivini
1082 2378 1112 2436 44
1129 2377 1267 2440 Ecclesia
1284 2379 1401 2454 0144444,
1422 2380 1576 2458 4446114-

79 2469 127 2531 ber
146 2477 197 2530 est
218 2471 247 2529 44
281 2469 411 2546 imagine
432 2468 555 2544 114464;
576 2468 657 2530 edita
690 2471 793 2549 Spirae
850 2470 953 2529 444444
977 2469 1137 2548 4444444444
1158 2487 1191 2532 44
1207 2470 1358 2552 colopene
1383 2489 1426 2534 aa
1452 2474 1575 2535 84444444-
1617 2501 1621 2508 -

81 2564 165 2624 4583.
187 2563 219 2622 8.
237 2561 332 2623 146444
364 2560 508 2623 44644444
538 2579 616 2640 quos
637 2564 666 2623 44
688 2563 796 2624 0414144-
850 2577 922 2620 ram
949 2561 1093 2642 44444444,
1123 2569 1157 2622 at
1184 2562 1293 2644 quobus
1323 2566 1406 2628 deest
1426 2549 1583 2628 lt'brornen'

79 2655 163 2718 theca
175 2657 325 2718 Caesarea
338 2661 459 2716 exstare
475 2661 605 2717 testatur
620 2655 796 2718 Lembeeius
850 2652 958 2734 copto,
974 2671 1031 2735 per
1063 2654 1116 2716 boc
1149 2656 1359 2736 compendium
1382 2657 1504 2720 itteram
1524 2677 1576 2722 err-

79 2749 112 2810 11.
130 2767 197 2829 pag.
222 2751 249 2810 8.
281 2756 312 2810 44
344 2748 393 2810 70.
429 2749 548 2809 41444444
582 2747 617 2809 de
638 2747 746 2810 munda
768 2754 796 2810 44
850 2743 984 2807 baveno
1003 2748 1113 2827 inepta.
1151 2751 1268 2810 Primus
1302 2751 1396 2812 edidit
1420 2753 1470 2812 Vir
1496 2755 1574 2815 eete-

80 2849 240 2922 444444444444
273 2847 302 2904 44
333 2859 440 2903 rerem
471 2840 512 2902 ad
532 2840 706 2905 conradum
736 2843 794 2903 717.
852 2841 915 2900 ber.
939 2843 996 2901 444
1018 2848 1091 2902 tem.
1114 2843 1132 2904 2
1153 2842 1322 2904 anecdotor.
1350 2861 1378 2922 4.
1400 2847 1545 2909 ets-ste.

80 2937 144 2997 4444
163 2936 286 2997 dunum
308 2937 426 2998 CHristi
449 2933 536 2998 4437.
555 2934 742 2996 successione
760 2935 795 2996 14-
891 2934 919 2994 9.
938 2933 1118 2996 Neoconnoe
1135 2933 1172 2995 de
1183 2934 1295 3014 44444444
1312 2953 1372 2998 seon
1385 2934 1499 3000 44444444.
1513 2940 1574 3000 1444

69 3025 128 3088 ’1444
146 3029 203 3090 itt.
220 3031 310 3094 aene
327 3029 461 3092 nendum
480 3031 628 3090 beataum
649 3030 677 3088 iu
696 3029 795 3091 iucem
850 3033 898 3087 est
910 3027 1116 3098 'Heoeameron
1132 3027 1212 3106 qued
1227 3028 1383 3091 abeodem
1401 3033 1488 3093 Penio
1505 3033 1573 3094 vul-

80 3123 190 3202 prclata
209 3129 278 3200 est,
299 3140 377 3202 quae
397 3124 435 3185 ab
455 3122 587 3184 44444164
610 3121 698 3182 Wien
720 3129 793 3184 tom.
831 3191 833 3198 ¹
850 3127 954 3200 getam
973 3121 1119 3182 1441444444
1134 3129 1206 3184 tom
1224 3123 1253 3184 4.
1272 3123 1378 3184 anecd.
1396 3142 1425 3204 p.
1448 3123 1562 3186 7488.

81 3219 93 3279 4
117 3220 199 3298 Ligni
222 3219 305 3279 Vitae
322 3233 388 3296 pag.
406 3215 474 3278 tes.
493 3219 573 3278 inter
589 3219 708 3280 0444444
722 3219 795 3278 scri-
891 3213 938 3275 40.
951 3214 1185 3276 0444444444444
1201 3215 1238 3276 de
1252 3231 1378 3296 corpore
1389 3222 1419 3277 44
1428 3218 1574 3297 camnine

79 3317 126 3390 pta
148 3318 334 3373 memoratur
354 3313 480 3374 Samma
496 3311 714 3376 sennarum.
730 3311 794 3372 siue
848 3307 985 3385 Domini,
1003 3311 1069 3370 sive
1084 3309 1408 3388 Eucharisiien‚qued
1427 3312 1575 3391 interpre-

80 3402 312 3477 canonicorom,
335 3421 479 3483 mapnam
509 3399 693 3484 apns,'erat
724 3401 793 3464 414444
849 3407 931 3466 tetur
953 3398 1030 3462 bona
1048 3403 1171 3464 Gratia:
1192 3403 1271 3465 idem
1301 3404 1443 3467 laudatus
1463 3407 1572 3468 Penius

80 3497 156 3578 opud
171 3497 316 3576 tonan,
334 3497 387 3559 sed
403 3513 482 3558 nnnc
498 3503 543 3559 est
560 3497 592 3558 in
609 3494 792 3560 Bibliotheca
847 3493 940 3556 edidit
961 3502 1033 3557 tere.
1051 3498 1079 3559 4.
1098 3496 1269 3558 anecdotor.
1289 3514 1356 3578 pag.
1376 3499 1434 3560 849
1453 3499 1523 3560 360.

79 3591 290 3671 inperatoris,
314 3590 440 3652 Viennae
456 3593 517 3654 448.
537 3591 619 3654 Haec
632 3599 680 3653 est
699 3591 794 3653 Chre·
890 3587 937 3650 44.
951 3585 1084 3666 Copnitr'o
1092 3586 1218 3648 oitaede
1228 3588 1310 3649 DEO
1319 3595 1350 3649 et
1360 3594 1486 3650 44444444
1499 3589 1573 3664 Vita,

80 3687 139 3746 nica
152 3686 289 3747 solennis
303 3685 423 3746 laudata
439 3685 622 3747 Theoderico
638 3683 791 3766 Eugeihu·
847 3681 957 3742 Exstat
987 3683 1016 3740 in
1039 3681 1204 3762 appendice
1236 3684 1425 3762 OperumS
1455 3679 1574 3746 AUGU-

79 3779 126 3856 sto,
138 3777 307 3840 desinens
301 3795 329 3838 44
353 3779 443 3840 Lucio
459 3780 509 3840 114.
525 3781 590 3840 4444
612 3779 688 3840 ind.
701 3781 789 3842 4484.
846 3774 942 3836 841141
957 3773 1029 3836 4644
1040 3775 1226 3838 Benedictio.
1243 3783 1317 3838 tom.
1335 3779 1373 3840 111
1389 3777 1461 3840 4644.
1472 3778 1572 3844 Amat.

114 3871 139 3931 7.
162 3871 287 3932 Gernrna
306 3870 439 3934 animae.
461 3869 497 3932 444
519 3870 638 3933 04444444
660 3871 787 3956 Officiis
845 3884 909 3946 pag.
928 3869 997 3929 619.
1016 3869 1080 3930 Sub
1096 3870 1260 3962 Augustum
1280 3889 1401 3933 nemone
1412 3871 1498 3933 deS
1511 3874 1574 3933 Tri·
1587 3921 1591 3930 .

44 3973 49 3982 ’
79 3963 112 4026 64
129 3967 225 4028 4141444
245 3965 373 4035 Missae,
394 3965 431 4026 de
453 3967 600 4026 ministris
620 3965 787 4044 Ecclesiae,
844 3963 1006 4023 4444444441
1029 3963 1076 4023 404
1084 3961 1143 4040 44444
1159 3983 1208 4032 rm
1217 3966 1346 4033 γνωσεως
1356 3959 1486 4032 44444444
1495 3961 1575 4040 (nne

79 4056 210 4120 64144444
230 4059 390 4120 (lenonicia
410 4067 441 4119 et
462 4059 640 4119 4444444444
658 4059 789 4119 4414444-
842 4054 1104 4116 44444444441444
1129 4057 1202 4118 141444
1225 4059 1428 4134 fragmentum
1458 4053 1572 4115 Graece

79 4153 184 4216 tatibus
204 4149 236 4214 et
257 4153 438 4213 cerimoniis.
469 4153 548 4231 Lips.
583 4151 672 4214 4541.
694 4151 722 4212 4.
742 4169 790 4214 44-
842 4163 914 4218 curn
932 4148 1039 4208 Latina
1059 4165 1200 4210 versione
1212 4147 1328 4208 46444444
1346 4148 1436 4208 Basit.
1454 4147 1570 4209 45788

79 4261 179 4310 cusum
212 4249 242 4306 44
275 4247 405 4324 Speculo
427 4249 569 4324 antiquae
597 4245 788 4325 devotionis,
844 4243 994 4302 ateaene
1012 4240 1197 4301 Leunctevie
1215 4247 1283 4320 pest
1301 4241 1493 4319 Legationem
1512 4242 1572 4302 444·

78 4338 172 4402 64144.
189 4341 279 4401 4519.
297 4339 347 4400 441.
363 4339 487 4418 vulgate
503 4356 556 4418 per
572 4341 718 4402 ioannem
736 4343 793 4402 Ce-
847 4336 945 4397 444144
960 4333 1106 4398 Camneni
1124 4333 1162 4396 ad
1180 4333 1340 4396 Armenios
1357 4351 1385 4410 p.
1404 4333 1462 4394 584
1481 4335 1549 4395 599.

79 4431 191 4495 41414444
223 4449 293 4494 cum
326 4432 496 4507 4444414444,
520 4432 682 4493 walafrido
709 4435 791 4494 Stra·
888 4431 936 4492 ⁴2.
958 4430 1062 4509 1444444
1083 4427 1189 4492 Mundi
1205 4427 1241 4490 de
1261 4425 1449 4508 dispositione
1471 4425 1571 4492 04044.

7 4583 8 4602 ,
79 4523 158 4603 bone,
181 4527 313 4606 Litargie
337 4525 436 4586 04444144
458 4541 497 4585 444
518 4527 614 4586 441444
635 4527 788 4598 versione,
844 4523 956 4585 4446444
976 4525 1003 4584 44
1023 4523 1102 4584 dues
1113 4521 1210 4584 divisa
1221 4521 1312 4583 1414444
1341 4520 1413 4582 464
1427 4521 1514 4601 giobo
1527 4529 1572 4582 te·

79 4617 413 4698 044444444440144444,
435 4625 466 4680 et
487 4620 634 4697 scriptore
655 4620 735 4679 vitae
756 4620 787 4680 8.
844 4619 905 4678 4444
918 4615 1029 4692 444464,
1048 4622 1078 4677 44
1097 4616 1125 4676 2.
1144 4615 1182 4676 de
1204 4614 1401 4693 temporibus,
1423 4613 1570 4676 mathesis

79 4711 211 4776 Eeoiiacii
242 4714 384 4791 Martyris
404 4720 436 4775 et
456 4712 597 4790 catalogo
628 4712 788 4791 Episcopo
842 4711 907 4770 sive
922 4712 1070 4770 institutio
1099 4713 1217 4788 primus
1254 4711 1332 4769 inter
1347 4709 1437 4769 libres
1451 4715 1569 4788 septem

80 4818 140 4865 rum
159 4811 251 4884 atque
283 4805 584 4885 archiepiscoporum
619 4803 706 4867 Sedis
726 4806 787 4866 bie
842 4803 931 4864 Besii.
952 4801 1039 4864 1544.
1058 4805 1076 4862 8
1096 4803 1148 4864 446
1165 4801 1228 4881 jem
1250 4809 1321 4866 ente
1338 4819 1407 4864 eum
1429 4800 1505 4863 141444
1519 4820 1569 4868 se·
