3562 5582
189 73 231 136 un
779 37 1113 126 4444444444

191 181 300 238 iterum
317 175 404 236 [tesil
425 173 513 250 4674,
531 175 560 230 8.
577 187 647 231 curn
663 171 913 230 444444ιί4444-
967 171 1070 232 nescia
1095 185 1134 230 an
1151 167 1234 229 editi.
1259 167 1335 231 Vide
1352 169 1502 230 Nicolaum
1521 167 1680 232 4444444444

190 263 913 342 44444444444444444444446414446444444444
966 271 1038 324 torn
1051 265 1082 325 4.
1095 262 1170 324 llibl.
1185 265 1300 324 veteris
1315 263 1524 342 lllapaueelx.
1533 261 1561 322 7.
1576 263 1604 341 5.
1615 263 1680 324 474.

190 364 278 442 phici.
298 365 381 422 inter
398 360 524 423 Codices
541 358 622 420 4488.
640 355 859 428 Ashmoleeuos
882 375 910 416 n
966 375 994 435 p.
1014 357 1082 422 444.
1100 358 1152 435 qui
1169 373 1235 435 pag.
1253 355 1618 418 mammaemammal
1630 373 1680 417 re·

191 455 270 517 7644
300 455 427 516 hebetur
442 452 567 532 anglice
585 448 678 530 hujus
698 447 861 512 Gariendii
878 448 912 509 li-
965 466 1033 511 rum
1050 439 1294 513 Navarrenarum
1311 453 1487 528 scriptorem
1499 451 1681 510 4444444444-

191 547 245 610 ber
261 547 298 609 de
314 543 524 610 Mineraiibus.
678 577 684 588 ·
966 546 1038 606 tatis
1051 538 1219 606 adustura
1238 543 1318 623 444444·
1329 529 1365 608 64
1381 539 1592 608 nosceremus

230 640 363 709 444448.
375 637 483 708 Codice
503 639 683 704 Teurinsnsi
697 615 911 698 444444444444
1004 638 1172 700 anastas
1195 638 1401 718 hispalensis,
1415 638 1512 700 lOtus
1530 640 1607 698 cirea
1624 639 1676 698 An.

190 739 257 797 668.
272 736 443 797 continetur
459 732 640 812 opusculum
663 730 847 792 heatituio:
866 729 912 790 di-
965 731 1053 793 tues.
1077 730 1354 792 commentarium
1340 747 1372 790 444
1390 732 1420 792 V.
1436 727 1530 791 444444
1544 731 1677 791 14444444

188 828 309 910 stipium
340 826 483 906 4444944444
512 825 638 888 Ioannis
672 823 708 886 de
730 821 909 885 Gariandiu.
965 807 1038 884 444444
1055 825 1196 886 affectum
1213 825 1360 902 reliquit,
1370 817 1508 886 summes
1524 831 1613 902 quam
1635 823 1679 884 m·

56 945 78 968 ι’
187 925 271 1003 Opus
291 927 339 981 est
360 935 448 999 prosa
469 922 612 996 oratione,
631 925 665 980 44
683 919 828 994 coniicio,
851 933 909 977 uon
965 917 1110 980 sancitam
1136 924 1247 980 vocant
1273 918 1418 980 nonnulle
1438 917 1566 998 adiecit,
1591 924 1622 978 et
1649 917 1678 977 in

186 1017 498 1098 metricescriptum,
521 1027 739 1091 necunquam
762 1009 911 1090 prodiisse
964 1015 1088 1074 44444444
1114 1009 1316 1073 mentalium
1338 1012 1460 1090 glosms
1485 1008 1585 1072 edidit.
1611 1012 1677 1072 Vide

186 1111 317 1172 arbitror
333 1110 412 1168 sicut
437 1124 492 1168 nec
509 1113 628 1168 caetere
648 1106 740 1167 444444
754 1105 911 1182 scriptoris
965 1105 1164 1166 trithemium
1182 1121 1207 1165 c.
1227 1107 1294 1167 669.
1310 1112 1342 1166 44
1357 1105 1509 1166 Nicolaum
1521 1102 1677 1167 Antonium

187 1220 296 1282 opera;
320 1202 377 1260 nisi
398 1200 474 1261 forte
491 1201 658 1278 scriptum,
687 1197 744 1258 hoc
771 1196 809 1258 ed
838 1197 911 1258 alte·
965 1200 1084 1264 444444.
1118 1198 1168 1259 lib.
1185 1199 1262 1260 vul.
1280 1199 1310 1259 6.
1337 1200 1364 1278 ξ.
1382 1199 1451 1260 444.
1479 1215 1508 1278 p.
1525 1195 1598 1259 atel
1623 1201 1678 1259 444.

188 1314 255 1358 mm
274 1291 411 1354 eiusdem
437 1293 567 1354 nominis
589 1291 722 1352 medicae
743 1292 818 1352 artis
838 1291 912 1351 scri·
966 1291 1046 1375 Hesp.
1065 1291 1112 1354 64
1130 1292 1264 1354 Guidum
1281 1291 1481 1354 Pencirollum
1506 1293 1556 1352 444
1575 1293 1620 1353 44.
1640 1292 1678 1352 de

115 1394 119 1400 '
189 1397 306 1468 ptorem
340 1387 547 1464 pertinuerit,
573 1385 653 1464 quod
685 1385 782 1463 magis
811 1381 910 1443 credo.
964 1385 1054 1446 cleris
1073 1387 1166 1446 iuris
1180 1385 1403 1464 interpretibus.
1434 1384 1548 1456 Omitto
1576 1385 1680 1445 Fortu-

188 1481 245 1541 i'ix
267 1487 369 1540 eutem
393 1479 482 1540 credo
499 1485 686 1558 postremum
705 1479 851 1538 Joennem
872 1475 911 1536 de
964 1476 1047 1539 nium
1062 1478 1225 1554 Gorsium,
1243 1479 1350 1540 aarum
1375 1478 1478 1539 itidem
1502 1479 1678 1557 liispanum,

188 1572 350 1634 Gariendie
373 1573 530 1633 authorem
549 1569 724 1651 compendii
737 1553 912 1650 Alciymiae
964 1571 1043 1632 sed'
1032 1575 1205 1650 juniorem,
1235 1574 1292 1650 qui
1315 1572 1446 1644 soeculo
1463 1569 1578 1633 decimo
1599 1579 1679 1632 serto

167 1720 170 1727 .
189 1666 343 1728 diversum
362 1682 430 1725 esse
446 1683 463 1726 a
481 1667 569 1743 priori
589 1666 637 1726 illo
651 1665 908 1742 toanaeplurium
966 1667 1106 1772 scripsit,
1128 1666 1264 1772 aliosque
1282 1666 1360 1728 bene
1384 1666 1500 1728 multus
1517 1664 1645 1727 itidem
1634 1685 1680 1744 44ὑ

190 1777 315 1837 operum
333 1765 488 1838 scriptore,
499 1765 533 1819 44
544 1765 575 1818 44
586 1758 677 1819 libelli
691 1755 911 1831 arumnicum
964 1773 1083 1831 arares,
1101 1759 1153 1836 qui
1171 1759 1293 1820 Geraiae
1310 1760 1432 1819 nomine
1446 1760 1525 1819 inter
1540 1761 1678 1836 Hispanos

190 1852 310 1913 libellus
328 1856 386 1922 iste
400 1853 477 1912 nihil
495 1855 536 1912 sit
552 1851 643 1928 eliud,
661 1869 753 1930 quem
771 1866 913 1928 compen·
966 1867 1025 1910 uon
1044 1851 1226 1929 inlrequenti
1243 1858 1316 1913 sant
1333 1854 1390 1926 usi,
1404 1853 1442 1913 de
1456 1852 1565 1931 quibus
1584 1851 1678 1914 laude·

191 1945 273 2006 dium
293 1945 493 2024 Alchymiae,
520 1945 609 2024 cujus
641 1945 784 2024 praelatio
811 1945 914 2022 incipit
966 1950 1018 2004 tus
1045 1943 1197 2006 Antonius
1212 1947 1243 2005 io
1257 1945 1438 2006 Bibliotheca
1456 1947 1610 2025 Hispanico
1638 1961 1680 2006 re-

192 2034 914 2116 Epoquidamhortulanusobdortoueladarce
966 2038 1243 2100 4444444444444444.

189 2130 343 2190 maritima
361 2128 468 2190 644444.
491 2132 578 2193 Liber
592 2131 632 2192 de
647 2129 847 2192 mineraiidus
862 2147 914 2190 ex·
975 2131 1115 2194 Petrus
1131 2130 1298 2194 anastas
1314 2131 1352 2192 de
1369 2133 1512 2202 xantius,
1528 2135 1604 2192 circe
1624 2129 1677 2192 444

65 2299 69 2305 Α
192 2227 275 2286 stet'
269 2239 438 2303 impressus
450 2226 480 2283 44
496 2223 556 2285 bne
566 2241 667 2304 opens
678 2226 912 2303 syuonrmorum
967 2223 1056 2285 4494.
1070 2227 1254 2304 oppugnavit
1270 2224 1375 2285 theses
1394 2221 1612 2284 1444444444
1632 2225 1679 2283 lli-

190 2307 326 2378 Restione
346 2317 422 2378 4566
442 2319 494 2378 ubi
511 2325 543 2378 et
561 2319 657 2380 elter'
657 2321 723 2380 eius
740 2318 860 2379 libellus
876 2315 913 2376 de
967 2317 1134 2396 renduleni,
1150 2303 1566 2396 lucubrationemquesuem
1574 2316 1679 2378 dicavit

184 2410 423 2490 praeparatione
447 2409 552 2472 Eiimir
579 2429 605 2483 4
623 2413 757 2474 Fabricio
781 2415 913 2492 praeter·
965 2410 1145 2472 Innocentio
1161 2413 1237 2472 vlll.
1258 2411 1402 2472 Pontifici.

194 2506 317 2566 missus
1005 2501 1168 2566 anastas
1183 2503 1347 2579 4444444444,
1369 2503 1678 2584 144444444444444444-

229 2598 444 2660 annuamus
461 2599 626 2660 Monachus
643 2558 771 2677 scriptor
786 2595 908 2658 VitaeS.
964 2595 1007 2654 sis
1023 2594 1080 2655 An.
1097 2596 1185 2659 4473.
1202 2599 1314 2658 Romae
1329 2597 1366 2660 ed
1377 2600 1511 2676 Xystum
1523 2585 1569 2659 tv.
1576 2595 1678 2657 haban

192 2688 366 2766 4444444444,
383 2691 510 2752 editaea
528 2689 787 2752 PetroFrancisco
802 2689 911 2751 4444444-
949 2685 1109 2748 disertam
1126 2691 1315 2762 Orationem,
1332 2693 1444 2752 liomee
1467 2705 1563 2770 eopse
1588 2705 1675 2760 enno,

108 2815 112 2822 ·
188 2785 229 2842 tia
250 2801 319 2845 oum
342 2784 529 2846 eneconis
545 2784 692 2846 Chronico
714 2783 908 2844 4444444444-
961 2787 1054 2858 etque
1067 2781 1177 2843 deinde
1194 2801 1210 2844 a
1228 2785 1360 2864 Caspere
1377 2769 1529 2845 Berreiros
1542 2779 1676 2844 Lusitano

189 2879 236 2954 si,
263 2879 389 2938 Diviono
419 2875 521 2946 4664,
549 2879 577 2937 4.
601 2876 688 2938 Alius
714 2877 744 2935 ni
770 2873 908 2936 lellorde
961 2872 1083 2936 editam.
1119 2878 1194 2938 Huic
1227 2880 1351 2939 orationi
1390 2895 1460 2940 cunt
1497 2877 1676 2938 interfuisset

188 2989 249 3051 quo
266 2971 477 3033 hibericusan
495 2969 618 3031 Annum
647 2970 735 3032 4440.
762 2967 908 3030 GARNE·
961 2970 1142 3048 Pomponius
1160 2973 1279 3046 Laetus,-
1297 2971 1333 3032 ed
1351 2974 1494 3048 xystum.
1506 2973 1677 3032 4444444444

186 3065 274 3126 llius
297 3064 508 3145 Episcopatum
539 3063 748 3142 Lr'uponensem
775 3057 905 3135 dimisit,
961 3065 1006 3120 cte
1008 3062 1138 3140 ,444444
1157 3063 1225 3143 quis
1241 3069 1288 3126 cst
1302 3063 1358 3126 iste
1378 3063 1532 3140 barbarus
1548 3062 1602 3144 qui
1620 3069 1676 3123 tam

186 3159 229 3218 ita
243 3157 324 3240 quod
333 3157 528 3218 autoritatem
539 3153 703 3215 ordinandi
715 3159 745 3214 et
754 3153 906 3216 4444444444
962 3153 1073 3214 diserte
1090 3153 1249 3235 loquitur?
1761 3173 1766 3184 ·

188 3241 842 3327 consecrandiobtineitasammoPoetifice,
855 3262 909 3326 pur
1000 3248 1129 3308 44444444
1145 3249 1271 3312 GARSO
1274 3251 1442 3328 ,laurae
1416 3268 1483 3313 save
1500 3251 1688 3325 6444444444)Ι

184 3346 304 3424 4444444
328 3362 420 3407 novos
446 3343 538 3405 libros
559 3341 748 3421 compilavit,
772 3344 801 3400 et
816 3355 907 3401 nonos
961 3343 1167 3419 Bononiensis,
1195 3341 1407 3424 Philosophus,
1435 3345 1568 3407 44464444
1584 3353 1614 3406 44
1633 3345 1677 3404 lli-

185 3441 335 3498 tractalus
356 3441 385 3496 et
411 3451 563 3497 sermones
590 3432 715 3518 subtiles
738 3433 813 3494 satis
841 3434 907 3512 ipsc
931 3437 934 3442 '
961 3436 1100 3510 storious,
1115 3435 1277 3498 defunctus
1305 3439 1362 3498 nn.
1386 3439 1476 3501 44446.
1491 3437 1566 3516 Ejus
1586 3440 1676 3499 vitem

185 3527 358 3609 compesuit.
380 3529 498 3591 Nullam
521 3527 614 3604 hujus
626 3527 763 3588 Gernerii
781 3531 906 3587 mentio·
960 3541 1056 3602 nuper
1089 3526 1217 3588 tradidit
1244 3531 1290 3590 vir
1320 3529 1462 3592 eruditus
1488 3531 1681 3604 Christianus

119 3667 122 3672 .
185 3641 254 3682 nem
282 3625 361 3681 iuter
377 3623 545 3700 Episcopus
560 3621 767 3696 lingonenses
785 3621 906 3680 invenio
960 3617 1190 3698 Schoetgenius.
1220 3622 1246 3696 a>
1264 3623 1335 3684 444444
1352 3625 1463 3703 scripta
1484 3641 1551 3702 epus
1571 3624 1677 3685 relerre

183 3715 261 3794 apud
280 3715 530 3775 sammarthanus
545 3720 616 3773 tom.
643 3712 671 3774 4.
689 3712 803 3772 Galliae
820 3713 906 3774 Chri·
959 3713 1035 3771 setis
1055 3713 1153 3773 luerit.
1169 3715 1247 3774 Sunt
1266 3717 1364 3792 igitur.
1752 3727 1754 3730 ·

184 3811 301 3868 stienec
319 3825 385 3887 peg.
409 3805 478 3868 664.
955 3877 956 3880 ,
993 3803 1019 3880 4)
1041 3804 1123 3866 Vitae
1133 3806 1259 3867 ,44444444
1272 3806 1489 3887 4444444444,
1504 3817 1536 3870 44
1551 3811 1603 3872 SS.
1620 3807 1678 3870 4444-

222 3901 441 3980 GARNERHS,
461 3901 547 3972 inire,
564 3897 805 3960 autunnalis.
960 3897 1042 3975 444444,
1057 3898 1226 3978 4449444444,
1245 3901 1409 3978 moranni,
1421 3903 1597 3965 Geruasiiet
1608 3905 1678 3962 Pro·

220 3993 384 4057 anastas
397 3993 560 4055 Monachus
579 3991 804 4066 Cumameum‘s,
825 3994 904 4053 circe
959 3991 1047 4068 44444,
1062 3992 1215 4071 Apuliae,
1237 3993 1398 4072 Vinccnlii,
1412 3997 1576 4073 Dominici,
1599 3995 1679 4056 Petri

180 4089 237 4150 An.
258 4089 343 4150 tolo.
361 4089 449 4167 cujus
466 4083 602 4175 Epistola
626 4083 669 4145 aa
686 4085 813 4161 Olivam,
834 4087 905 4167 Epi·
957 4085 1139 4146 Veronensis
1168 4089 1325 4164 Martyris,
1356 4087 1482 4150 Tiamaa
1503 4091 1675 4169 equinatis,

181 4183 541 4259 scopentusonensem
577 4183 606 4240 in
630 4180 772 4257 Hispania
799 4180 905 4242 Terre-
961 4177 1173 4260 christophori
1197 4171 1353 4256 4444444,
1385 4183 1538 4260 Petronii,
1569 4187 1676 4246 Bonan.

178 4261 301 4332 cunensi
325 4273 363 4334 de
389 4275 482 4332 initiis
504 4274 674 4332 Monasterii
690 4271 902 4348 (larsemensis,
959 4273 1046 4334 4663.
1065 4279 1097 4332 44
1114 4275 1201 4334 ttae.
1221 4275 1248 4335 4.
1265 4279 1297 4334 44
1313 4291 1384 4354 pers
1398 4279 1490 4338 etiarn
1506 4280 1536 4338 in
1554 4275 1676 4338 Leandri

179 4361 260 4424 etde
277 4367 372 4425 sacris
389 4366 524 4442 reliquiis
546 4367 575 4424 in
593 4383 630 4426 eo
646 4365 806 4427 custoditis
823 4367 903 4428 edite
958 4365 1084 4450 elberti,¹
1100 4369 1152 4445 qui
1169 4367 1338 4429 Gereonem
1353 4377 1576 4449 praeceptorem
1588 4385 1676 4431 suurn

180 4456 329 4518 eBeluzio
346 4459 375 4516 in
392 4459 489 4518 Merca
499 4459 659 4538 Hispaniae
671 4477 699 4538 p.
713 4459 800 4520 4674.
815 4461 903 4521 4484.
958 4458 1069 4520 laudet.
1088 4461 1203 4540 sylloge
1219 4461 1258 4521 de
1273 4462 1350 4521 Viris
1368 4462 1535 4524 illustribus
1559 4463 1676 4526 Ordinis

218 4549 382 4612 GhilSth
412 4549 532 4629 4449444,
562 4551 902 4630 bajonensisinGellia
960 4553 1157 4628 Dominiceni,
1174 4553 1244 4650 ibid
1264 4552 1352 4614 4547.
1371 4554 1419 4615 iol.
1600 4577 1601 4582 ¹

119 4734 121 4740 ‚
177 4645 345 4724 EP¹⁵⁰⁰P¹¹⁸
369 4659 447 4704 ⁰¹f⁰³
464 4647 521 4706 An·
545 4641 559 4706 ⁴
567 4649 634 4707 392
664 4647 792 4726 ὓθΓψῑθΓ
817 4647 902 4708 ΟΜ·
988 4682 1024 4746 4)
1040 4682 1235 4746 ulplomatlscbe
1246 4682 1299 4734 uod
1313 4689 1427 4738 44444444
1440 4685 1557 4738 4444441444
1576 4688 1626 4737 der'
1636 4689 1680 4737 444·

175 4737 280 4866 paladii
294 4737 439 4798 Ht‘tiort'co
455 4737 490 4799 dc
507 4736 599 4800 rebus
613 4742 703 4820 renni
722 4741 899 4815 Navem,
950 4761 1028 4810 444444
1046 4771 1095 4808 roa
1115 4757 1192 4808 04444·
1194 4759 1302 4828 84444444
1327 4766 1399 4823 parte
1415 4763 1440 4812 4
1458 4775 1482 4824 p.
1500 4761 1555 4812 4444.
1572 4775 1624 4824 rou.
