3562 5580
667 133 998 198 columnus
1522 133 1580 196 430

84 251 166 320 atque
175 242 234 304 44.
246 243 322 304 4367
337 259 406 302 cum
420 237 549 302 4444444
559 257 672 302 annum
685 242 793 302 aetatis
887 225 1537 318 6044344403434444444444444444444,
1550 244 1577 308 ai

84 337 210 412 xxviii,
225 337 377 413 attigisset
394 335 420 408 4)
439 333 600 411 Presbyter
616 333 795 406 cardinalis,
850 333 978 394 lelando
999 347 1063 410 cap.
1086 332 1154 392 380.
1178 331 1442 408 4444444444444,
1461 334 1577 412 anglus
1625 358 1635 372 ¹

4 469 5 498 ,
82 430 126 506 oni
141 427 223 489 diem
239 427 312 489 obiit
328 425 552 488 4444444444.
567 426 652 487 4404.
672 426 746 487 Vide
758 425 794 486 G.
849 427 920 489 Ord.
933 427 1035 488 444444.
1053 435 1084 485 44
1099 427 1268 508 Episcopus
1293 429 1322 485 in
1338 429 1430 486 Terra
1447 427 1576 501 laboris,

82 521 194 600 looepbi
212 523 293 600 Eggs
303 535 468 599 purpuram
485 517 606 580 doctam
621 537 650 597 p.
669 521 727 580 447
747 520 798 582 ubi
850 521 1013 582 deiunctae
1029 519 1085 580 44.
1104 520 1182 581 4333
1199 520 1320 598 scripsit
1337 519 1578 580 Commentarios

4 663 5 666 ¹
80 613 139 692 ejus
151 613 341 694 epitaphium
352 613 469 689 legitur.
483 611 588 672 Nescio
600 611 679 674 unde
689 613 798 674 babeat
853 613 883 674 in
900 609 1049 672 47440444
1065 617 1280 674 4444444444444
1302 614 1381 672 Petri
1402 612 1576 674 lombardi:

80 709 219 786 Congius,
236 709 288 786 qui
305 705 573 784 Archiepisoopum
590 704 798 784 Caesaraugu'·
851 713 884 765 et
895 707 986 766 84444
1002 707 1034 764 V.
1049 706 1088 766 33
1105 711 1136 764 44
1153 708 1251 764 Pitseo
1271 722 1335 783 pag.
1365 705 1423 766 437
1446 705 1576 767 testibus

79 801 308 862 stonumiuisse
324 805 357 860 et
376 799 432 860 44.
452 799 531 859 4403
551 797 731 862 defunctum
750 815 798 858 re-
852 797 1034 882 in'Pityaioo
1050 805 1142 875 alque
1160 795 1293 858 elenchos
1309 798 1486 858 Aristotelis.

79 895 134 954 4444.
155 895 277 972 Scripta
290 891 358 970 ejus
375 898 466 958 suot:
484 898 635 953 tractatus
651 891 690 952 de
712 898 795 970 pote-
889 894 1030 969 Magister
1050 889 1272 952 GUILELMUS
1288 891 1324 952 de
1340 894 1371 952 S.
1388 891 1517 964 444444,
1538 909 1577 952 ex

4 985 5 1052 ]
76 993 145 1046 44444
161 988 277 1066 Papae,
294 985 527 1063 explanationes
543 985 742 1049 Decrotorunr
764 992 797 1046 ct
850 987 1000 1048 Canonioo
1025 985 1231 1046 Bellovaceusi
1261 988 1370 1046 Doctor
1395 985 1577 1050 sorbonicus

78 1083 235 1142 Sermones
260 1081 290 1138 in
312 1077 484 1161 4444444444.
505 1079 643 1158 Virginis.
849 1081 1025 1140 Parisiensis
1041 1085 1073 1138 et
1090 1079 1207 1140 lieberti
1222 1080 1275 1156 qui
1288 1079 1455 1140 Sorboeum
1471 1078 1577 1142 44444-

108 1169 328 1234 obtenturus
338 1168 491 1230 4444444444
503 1169 573 1231 Ord.
589 1171 795 1246 Minor.·quem
851 1174 895 1232 vit
912 1173 1084 1247 familiaris,
1103 1187 1229 1251 mappae
1244 1173 1294 1233 uir
1318 1171 1459 1233 4444444444
1472 1177 1502 1232 44
1515 1171 1578 1250 opi-

75 1263 258 1343 Waddingus
275 1281 342 1342 pag.
359 1264 427 1326 433.
441 1260 612 1323 4444444444
628 1269 726 1336 vocat,
743 1278 796 1322 uo·
849 1265 946 1326 444444
957 1264 985 1344 b)
1001 1265 1054 1326 sed
1070 1273 1192 1344 propter
1204 1266 1272 1326 lites
1284 1281 1361 1342 quae
1376 1267 1577 1326 Dominroauis

76 1365 173 1435 utque
188 1357 351 1434 scripsisse
367 1355 400 1416 in
413 1352 615 1434 Apocalypsin
635 1356 796 1418 04444444-
849 1374 919 1419 cum
944 1358 1112 1420 Academia
1137 1357 1374 1419 intercedebant
1397 1402 1405 1430 ‚
1435 1358 1576 1420 iratribus

4 1515 6 1534 Ι
75 1453 168 1525 444444,
180 1447 436 1526 ethtoertionea
434 1447 557 1508 XXVIII
571 1463 677 1508 4444444
692 1445 797 1508 44444-
851 1451 1091 1512 mendicantibus
1118 1468 1238 1513 exosus.
1273 1453 1316 1512 De
1342 1450 1397 1510 hoc
1427 1451 1576 1512 Guilelmo

75 1561 145 1604 4444
652 1583 655 1592 ,
849 1542 976 1622 ejusque
1000 1547 1120 1622 scriptia
1134 1544 1253 1606 dictum
1268 1561 1359 1622 supra
1376 1552 1448 1604 tom.
1467 1547 1479 1604 4
1487 1561 1574 1624 ,.pag

105 1633 737 1715 GUlLELliUSAbbasdlboenpanrd.
746 1636 795 1698 444-
849 1641 882 1698 84
917 1641 1077 1717 Praecipue
1104 1643 1206 1724 autem
1244 1637 1428 1712 consulenda
1458 1637 1576 1700 erudita

73 1737 155 1792 atero.
171 1733 253 1790 circa
271 1730 394 1806 Annum
412 1730 491 1791 4436
507 1729 546 1790 44
566 1746 657 1806 culus
678 1727 794 1806 4444444
848 1732 990 1808 praelatio
1014 1747 1105 1808 quam
1119 1731 1268 1810 Operibus
1291 1729 1358 1808 ejus
1383 1731 1475 1792 Paris.
1487 1731 1575 1794 4633.

72 1821 164 1903 4444444
180 1801 383 1904 aponum
394 1819 791 1884 mnnudommffiooorums
849 1823 968 1884 4444444
985 1827 1140 1902 praemisit
1166 1811 1223 1886 sub
1243 1825 1367 1886 loannis
1394 1823 1576 1901 Alethopbili

71 1916 241 1996 3444444444
259 1915 409 1977 videndus
426 1916 551 1977 Carolus
567 1915 708 1977 Viscbius
724 1931 800 1993 pag,
847 1919 944 1978 latens
961 1920 1082 1978 nomine
1095 1921 1227 1980 loannes
1239 1917 1409 1982 Gordesios.
1574 1957 1576 1966 .

72 2011 132 2070 333.
149 2010 291 2070 4444444444.
302 2009 429 2072 cisterc.
445 2007 528 2070 roem
544 2011 671 2086 scriptor
685 2014 794 2088 tracta·
888 2011 1107 2072 GUiLEthiUS
1124 2008 1289 2070 4444444444
1313 2010 1414 2070 Abbas
1430 2009 1503 2071 Ord.
1520 2013 1575 2070 Be-

4 2105 6 2136 *
72 2101 167 2164 lusda
188 2101 343 2176 4444444444,
360 2119 452 2179 qoem
474 2103 679 2182 ¹subiunctum
696 2101 794 2164 alteri.
849 2103 915 2164 ned.
931 2105 960 2162 44
979 2104 1108 2164 dioecesi
1127 2101 1241 2166 Galliae
1256 2105 1437 2164 4444444444]
1463 2104 1575 2162 Tarra-

71 2198 113 2257 eui
129 2197 257 2258 titulus:
274 2193 434 2276 rinolytioo
454 2211 659 2268 4444444444,
676 2196 793 2256 4484444
848 2197 955 2273 nensi,
973 2198 1094 2275 scripsit
1118 2195 1285 2263 Cirronicon
1312 2193 1453 2258 coenobii
1471 2196 1521 2256 4444
1538 2195 1576 2258 ab

73 2288 140 2349 vidit
171 2289 327 2352 84444444
355 2305 420 2368 pag.
452 2289 521 2349 303.
545 2289 682 2350 biblioth.
711 2287 791 2366 ileig.
846 2287 933 2349 4444
949 2291 1026 2350 4083
1044 2289 1081 2350 44
1101 2290 1187 2351 4334.
1210 2289 1340 2367 quodse
1358 2288 1467 2350 babere
1483 2295 1580 2350 testa-¹

72 2384 164 2446 444444
181 2381 219 2445 de
243 2381 451 2446 8444444444
472 2381 621 2443 minonem
638 2382 791 2441 evolvisse
847 2388 897 2442 tus
915 2381 1199 2461 estPapebrocbius
1217 2390 1291 2442 tom
1310 2382 1417 2444 3.Act.
1438 2383 1597 2444 Senator..

71 2493 101 2536 se
115 2483 245 2538 44444444
261 2477 419 2554 cangius
413 2493 442 2535 ru
457 2474 566 2537 (lodice
580 2474 705 2536 Tbuano
723 2473 791 2536 787.
846 2475 913 2554 44444
932 2493 997 2555 pag.
1014 2477 1051 2536 80
1069 2476 1097 2536 4.
1116 2475 1219 2536 Edidit
1245 2476 1411 2538 Daoherius
1433 2482 1504 2536 tom.
1523 2478 1574 2537 444.

106 2570 324 2632 nannenus
338 2569 541 2632 uaroeiiuss.
566 2565 678 2628 444444
693 2570 793 2628 blena
847 2569 989 2646 spicilegii
1008 2583 1074 2646 pag.
1091 2568 1159 2630 338.
1181 2568 1262 2644 (edit.
1293 2576 1474 2630 narsetem.
1492 2572 1512 2632 3
1523 2589 1573 2649 ,.p
1672 2607 1691 2621 -

70 2665 141 2726 4444
155 2663 229 2726 044
241 2662 353 2724 444444.
364 2664 442 2723 circa
456 2659 675 2723 4444444470.
689 2661 792 2720 Latine
845 2660 915 2722 784.
933 2661 1012 2736 874.)

73 2761 157 2818 vertit
174 2761 261 2820 iusso
291 2756 423 2818 Simonis
453 2750 580 2816 44444444
607 2773 645 2814 444
670 2753 793 2833 Anglioo
885 2755 1342 2837 GUiLlULMUSAnoponpmue
1361 2759 1427 2816 sive
1444 2760 1510 2832 sine
1525 2772 1575 2816 44

72 2853 122 2912 44.
139 2851 197 2914 330
214 2851 327 2929 scripto
344 2851 442 2910 Vitam
460 2849 498 2909 S.
505 2849 612 2908 Albam
634 2849 792 2926 martyris,
847 2851 1010 2928 gnomine,
1029 2847 1246 2928 Philosophus,
1263 2869 1315 2928 qur
1329 2849 1575 2910 anteanuosiere

72 2946 299 3025 impbibalique
308 2950 340 3004 et
356 2943 567 3004 3444444444.
589 2943 621 3004 G.
640 2942 708 3003 303.
724 2957 793 3019 pas·
846 2939 1083 3020 quadringentos
1094 2943 1135 3002 44
1144 2945 1258 3004 Ducem
1273 2935 1526 3002 No'rtmaunorum
1542 2947 1574 3001 et

73 3055 177 3100 444444.
218 3037 377 3113 Prologum
402 3034 440 3096 ad
466 3036 618 3095 Simonem
645 3032 792 3094 Abbetem
847 3036 995 3124 Comitem
1009 3033 1275 3114 andegavensium
1289 3033 1575 3114 saripsltsaonda·

71 3131 199 3192 ediderat
210 3132 361 3198 Usserius,
373 3128 584 3207 epilogumque
597 3127 669 3186 libro
681 3125 719 3198 de
730 3126 792 3186 Bri·
845 3117 949 3201 444444,
966 3128 1022 3188 hoe
1039 3135 1086 3188 est
1102 3126 1285 3207 dialogum
1279 3146 1307 3188 44
1326 3145 1380 3188 sex
1395 3128 1528 3188 divisum
1540 3128 1574 3186 li-

4 3205 6 3296 4
72 3227 254 3286 4444444444]
269 3222 475 3284 Ecclesiaruur
492 3218 706 3299 primordiisp.
723 3219 791 3280 436.
846 3219 969 3280 brosdo
992 3217 1188 3295 substantiis,
1208 3223 1236 3281 44
1266 3238 1326 3300 quo
1343 3221 1574 3297 damnatquae-

4 3297 6 3402 i
70 3319 144 3380 4444
163 3321 280 3397 integra
301 3333 339 3378 ex
365 3314 471 3376 eodem
488 3313 596 3376 Codice
615 3314 792 3374 cottoniano
845 3312 915 3377 dam
930 3320 961 3373 et
988 3314 1167 3376 emendat·
1160 3333 1189 3375 m
1216 3316 1314 3376 libello
1340 3331 1432 3394 quem
1450 3311 1573 3390 juvenis

4 3419 6 3520 j
69 3412 210 3472 4444444
203 3409 331 3471 4444444
348 3410 484 3471 Senator.
495 3413 575 3476 ¹,.tom
594 3407 629 3467 V.
643 3407 724 3467 44444
740 3406 788 3466 33.
847 3407 911 3484 ipse
929 3404 1138 3488 Philosophiae
1157 3409 1244 3469 titulo
1263 3397 1448 3487 vulgaverat.
1474 3406 1574 3468 Habeo

4 3521 6 3648 r
71 3521 129 3584 pag.
147 3493 215 3567 443.
846 3498 997 3588 dialogum
1022 3501 1107 3566 ilium
1125 3500 1445 3564 oditumaGuilelmo
1469 3499 1574 3560 Grata-

104 3595 322 3659 GUlLEleUS
338 3592 447 3672 446444,
465 3595 541 3656 inira
559 3593 637 3656 Geni.
656 3593 757 3656 lVlrite.
847 3593 909 3654 rolo
915 3582 1124 3672 ,argentorat
1144 3595 1232 3692 4367.
1249 3597 1352 3658 Saum
1368 3596 1574 3682 4444444444-

4 3699 6 3774 )
102 3687 533 3754 ourtntrrusntnnaesrve
549 3687 585 3748 de
602 3685 720 3762 4444444,
737 3688 791 3762 (vi-
845 3674 1285 3752 buslibellisineertiauoioris
1285 3674 1572 3794 ,ejusdemaetatisz

4 3785 5 3816 ³
70 3785 295 3847 0444444444
324 3779 788 3860 veientanae,nnglus01d
843 3781 886 3839 lle
902 3778 1002 3840 444444
1019 3780 1126 3858 viteli,
1142 3783 1185 3844 De
1201 3783 1287 3844 mori
1313 3789 1341 3844 et
1364 3782 1470 3864 444444,
1465 3783 1519 3842 44
1532 3782 1574 3841 De

4 3887 6 3954 )
70 3879 166 3942 Pracd
185 3881 266 3940 eirca
283 3877 509 3940 4444444330.
528 3874 790 3936 ParisiensisSor
839 3871 997 3950 )4444444444
1008 3874 1574 3956 44494444444444444444444444444444

70 3973 189 4035 bonicos
204 3974 355 4052 Magister,
371 3977 489 4050 praeter
505 3971 673 4042 8444444444,
692 3969 788 4042 0444-
842 3967 1570 4048 montiumcrepidinesexabyssoasoendentium.

4 4049 5 4062 *
71 4059 790 4148 inconguevariasscripsiiinpleroaqaelibror
881 4057 1100 4122 GUlLELblUS
1132 4063 1313 4140 44944444,
1337 4063 1470 4139 anglus.
1502 4059 1573 4120 Ord.

72 4173 185 4220 4444444
202 4159 234 4219 in
252 4156 472 4231 0444444444,
490 4153 791 4230 inEooleeiostem,in
849 4153 954 4213 444444.
979 4154 1101 4232 scripsit
1136 4153 1369 4216 commemorns
1402 4153 1433 4212 in
1462 4153 1574 4212 Lucem

72 4252 259 4332 Sapientiam,
288 4250 423 4324 Esaiam,
446 4248 620 4325 4444444444,
650 4247 790 4324 Thronos,
845 4261 922 4324 quos
941 4243 1046 4307 laudat
1061 4247 1211 4309 lelandus
1228 4265 1293 4326 cap.
1312 4248 1380 4324 464.
1400 4245 1484 4306 Diem
1501 4246 1574 4307 obiit

74 4343 217 4408 Postillam
233 4348 261 4408 in
276 4345 456 4416 Malliacum,
471 4350 503 4404 et
524 4341 560 4403 de
573 4341 674 4403 docem
698 4343 792 4421 Virgi-
823 4341 829 4348 '
845 4338 902 4399 44.
925 4339 1003 4401 4404
1021 4346 1100 4400 teste
1114 4341 1204 4402 Baleo
1221 4343 1273 4401 xl.
1290 4341 1323 4402 34
1346 4345 1376 4400 ei
1393 4341 1491 4400 Pitseo
1508 4357 1574 4419 pag.

73 4435 162 4502 44444.
180 4438 256 4502 Vide
276 4437 401 4500 Baleum
427 4438 462 4499 V.
491 4437 699 4499 canineam
725 4453 792 4515 pag.
847 4432 905 4494 377
925 4433 973 4495 ubi
991 4435 1098 4494 vitiose
1116 4432 1268 4512 44944444
1284 4451 1336 4513 pro
1353 4433 1493 4512 lagerio.

4 4555 6 4640 7
77 4531 129 4592 436
148 4539 179 4592 44
199 4535 359 4613 praecipue
380 4529 524 4592 iacobum
546 4529 650 4600 Quetil
670 4538 740 4590 tom.
764 4532 791 4603 4,

4 4647 6 4688 r
77 4641 136 4705 pag.
155 4627 224 4690 344.
246 4644 310 4705 seq.

888 4591 914 4654 a)
930 4593 1002 4655 Apud
1018 4596 1131 4644 Pilseurn
1155 4595 1258 4654 4444444,
1273 4593 1439 4652 4444444444,
1455 4600 1493 4646 444
1507 4596 1577 4644 onim

845 4679 938 4716 nomen
949 4667 1085 4718 44444444
1097 4667 1188 4727 dorio,
1197 4667 1263 4718 4444
1277 4675 1304 4720 44
1317 4667 1578 4720 llortbumbealnndia.

298 4799 300 4802 ¹
594 4785 602 4792 ,
755 4777 756 4782 .
888 4741 915 4797 b)
932 4742 1071 4794 4444444444
1082 4743 1182 4793 cirron.
1195 4749 1361 4806 generatione
1372 4747 1442 4805 44441,
1454 4757 1509 4807 pag.
1522 4743 1578 4800 344,
1677 4779 1684 4792 .

112 4817 136 4868 o)
153 4811 235 4862 44444.
248 4814 310 4875 Pap.
324 4815 537 4866 trainiacensi.
554 4812 575 4862 4.
593 4827 617 4875 p.
631 4813 685 4864 470.
842 4821 866 4868 s,
878 4819 1021 4868 Antoninus
1031 4821 1059 4870 τ.
1071 4817 1097 4870 3.
1109 4828 1223 4870 summ
1234 4821 1322 4874 4444444.
1336 4835 1360 4884 p.
1375 4821 1429 4871 084.
1443 4819 1467 4871 b.

1162 4925 1235 5016 oo¹
