3562 5582
91 231 206 295 eruditis
222 229 439 292 accensendus.
454 221 643 308 faramans,
662 223 796 312 huglico,
892 235 1106 299 confutatis
1131 241 1303 301 (latronibus
1319 251 1350 301 et
1367 243 1518 320 Subprior.
1541 247 1572 306 S.

8 319 9 362 ῑ
89 327 210 401 41414444,
228 325 314 404 plura
328 323 465 404 scripsit,
484 326 514 384 in
533 325 646 386 batinis
666 329 802 389 4444444-Ι
855 327 979 389 Viemris
994 331 1180 392 Paris'circa
1195 331 1317 393 Annum
1350 335 1438 396 4470.
1451 338 1575 416 scripsit

88 429 133 480 444
156 419 313 492 Ovidium,
338 433 512 498 quanquam
537 425 660 480 4444444
690 423 798 498 144144,
851 418 935 500 Opus
951 425 1134 502 tripartitum
1149 424 1185 485 de
1200 425 1412 504 microcosmo,
1440 429 1576 492 dotibus·

8 507 9 512 ’
88 511 243 574 audradus
257 529 348 590 quarn
361 511 484 574 felicius.
498 511 573 588 Ejus
591 513 656 574 Voce
666 512 797 575 clamart·
851 533 911 594 que
925 517 1057 578 hominis
1074 518 1271 592 naturalibus,
1283 527 1314 580 et
1330 523 1413 582 vitiis
1430 539 1465 584 ac
1479 527 1576 584 virtu-

8 671 9 686 ,
88 605 283 669 uacuum
301 609 366 668 sive
383 606 420 667 rie
437 605 545 669 aunei
558 604 717 668 erroribus
728 611 799 668 roa-
852 611 947 671 tibus:
964 619 1096 672 nec-non
1115 612 1234 672 Fontem
1265 613 1471 695 Philosophiae
1492 619 1576 678 libris

8 723 9 734 ¹
87 717 128 761 ma
143 701 310 762 Gbrunicon
328 702 358 760 in
376 703 494 778 septeni
510 700 658 762 tributum
685 700 796 779 libros,
851 711 993 782 quatuor,
1010 705 1151 766 versibus
1170 707 1303 766 metricis
1320 708 1466 784 14441444,
1482 711 1575 788 pbilo-

85 800 112 854 44
124 795 372 868 insurrectionem
388 795 571 855 rusticorum
588 799 694 856 contra
714 795 797 872 inge·
850 798 985 877 sophiam
1002 799 1144 860 moralem
1157 801 1318 877 practicam
1333 817 1403 877 prae
1415 802 1577 879 speculati-

8 899 9 948 1
85 903 152 947 nuos
165 893 197 948 et
210 886 327 948 nobiles
345 897 545 966 persequens,
572 903 650 966 quas
671 889 797 966 contigit
852 909 889 953 va
906 891 1198 954 commendantibus.
1212 895 1254 954 144
1273 901 1400 970 utroque
1411 911 1502 973 opero
1516 897 1575 955 its.

83 997 124 1040 on.
140 981 188 1041 rv.
204 980 446 1060 liegisElchardi
463 979 489 1042 11
508 983 538 1041 44
555 983 622 1042 41114
638 981 730 1044 etiarn
748 983 796 1044 141-
849 983 1096 1065 sermonibusque
1118 985 1224 1044 itidem
1241 986 1362 1047 ineditis
1379 989 1574 1049 consulenda

8 1127 10 1146 ,
82 1073 230 1134 bliatlrecis
257 1074 400 1150 obvium,
418 1077 447 1150 4)
467 1077 585 1155 incipit:
617 1071 808 1162 scripturae
849 1080 1449 1158 444444444441444144444,04444444
1474 1085 1503 1142 S.
1528 1085 1575 1139 Vi-

8 1229 9 1232 ,
81 1167 181 1228 ueteris
196 1166 796 1248 4444444444444144444444444444·
850 1169 942 1232 ctoris
958 1171 1082 1234 historia
1100 1173 1210 1234 inedita
1227 1163 1371 1234 abbatiae
1389 1176 1505 1253 Regalis
1522 1177 1575 1234 Pa-

8 1319 9 1322 ,
82 1260 242 1322 0444444444
255 1261 442 1342 tripartitum
466 1263 569 1323 itidem
591 1265 742 1337 carmine,
765 1269 796 1322 44
851 1267 901 1326 ris.
917 1265 1008 1326 refert
1024 1263 1164 1327 Oudinns
1181 1273 1201 1326 4.
1220 1269 1239 1328 44
1257 1285 1282 1326 e.
1303 1267 1380 1327 4407
1399 1285 1463 1344 seq.
1641 1331 1642 1334 ,

8 1349 9 1412 ζ
80 1352 197 1431 dellepe
214 1353 346 1415 ilenrico
360 1355 411 1414 fil.
425 1359 456 1416 44
469 1353 506 1415 de
529 1354 618 1417 laude
635 1357 733 1436 pacis.
752 1358 796 1416 Dc
889 1359 1104 1422 GODFElDUS
1141 1358 1242 1420 hbbas
1279 1359 1575 1432 vindocinensium

79 1447 211 1526 repemina
231 1447 414 1528 Prahrcipum.
436 1447 622 1510 scrutinium
643 1448 729 1510 lucis.
752 1451 795 1510 lie
850 1451 954 1513 beatae
971 1453 1089 1514 Priscae
1106 1451 1285 1527 (4444444114,
1302 1453 1405 1514 444444
1419 1455 1496 1514 eirca
1514 1453 1575 1514 An·
1599 1515 1603 1524 ,

8 1513 10 1608 l
79 1539 230 1622 malaplioi
240 1539 572 1620 uitiorumpostiientio.
590 1545 795 1606 (1444444444-
850 1563 923 1608 num
943 1546 1029 1609 4440.
1047 1547 1074 1623 4)
1090 1549 1212 1625 scripsit
1225 1544 1430 1626 Epistularum
1445 1546 1481 1608 ad
1500 1549 1575 1606 Pon-

78 1635 110 1696 tis
122 1635 280 1696 ssevriimu
298 1633 329 1695 in
345 1651 441 1696 causo
466 1634 637 1717 superbiae.
654 1638 795 1698 1444444
845 1639 965 1715 414444,
982 1640 1178 1714 cardinales,
1205 1641 1390 1719 Episcopus,
1409 1640 1573 1710 ¹hbbates,

77 1728 261 1790 rr'suaaitate
278 1730 398 1808 aliaque
418 1733 553 1792 camnine
581 1737 613 1790 44
639 1731 795 1812 Epigram-
847 1733 1007 1796 4144444444
1018 1741 1056 1794 44
1071 1735 1234 1809 seculares,
1253 1727 1350 1795 libros
1368 1736 1398 1806 V.
1416 1737 1445 1792 in
1464 1733 1574 1810 quibus

78 1825 235 1885 44444444
253 1824 425 1886 nonsoluta
442 1825 585 1886 Oratione
602 1823 638 1886 de
657 1825 797 1906 Conjupii
848 1828 960 1887 esth.
980 1826 1027 1887 47.
1046 1827 1274 1888 4444444441114
1292 1830 1321 1888 44
1354 1828 1574 1904 antiquissimis

77 1916 219 1995 44444444,
236 1925 269 1977 44
284 1916 322 1977 de
338 1917 559 1996 companctione
578 1917 695 1981 corais.
848 1919 939 1981 ctiam
967 1921 1055 1982 obvia
1080 1913 1240 1982 chioibu's
1267 1922 1295 1994 b)
1324 1920 1362 1980 de
1390 1920 1516 1979 ifoberto
1535 1919 1573 1978 44

8 2031 10 2074 i
101 2003 315 2074 caninibus
328 2010 590 2088 dlouemulheusrs‚
602 2011 794 2093 44444641.-
848 2014 1037 2087 4444444414,
1052 2013 1089 2074 44
1103 2029 1164 2091 quo
1178 2014 1484 2086 14444444444141440,
1496 2012 1574 2090 Opu-

77 2105 320 2184 insuasum
347 2121 410 2182 seq.
433 2104 484 2166 ubi
503 2106 592 2165 dictis
614 2105 690 2166 adde
711 2105 792 2184 quod
845 2105 932 2168 scoto
959 2107 1065 2166 XVlll.
1096 2105 1179 2175 4444
1199 2108 1330 2184 Corpore
1357 2113 1388 2164 et
1417 2105 1569 2181 Sanguine

77 2203 162 2260 versio
179 2199 390 2277 Anglioaejus
403 2197 555 2260 Historiae
568 2201 725 2260 Britorrum
737 2218 792 2261 nu·
846 2202 963 2261 Domini
981 2203 1076 2260 nostri
1093 2201 1167 2261 Jesn
1188 2199 1315 2261 Christi.
1343 2200 1372 2269 4)
1390 2201 1432 2258 Da
1452 2197 1571 2258 ordina-

75 2310 121 2371 per
135 2294 259 2372 vulgata
274 2293 313 2354 ab
331 2293 637 2371 Arous-Thammes,
654 2301 686 2354 44
706 2294 790 2355 lucu·
845 2294 926 2355 tio‘ne
942 2297 1157 2376 Episcoparnnr
1183 2297 1210 2369 4)
1239 2294 1276 2356 44
1299 2296 1421 2354 Petrum
1444 2293 1569 2364 Leorris,

76 2388 155 2447 lentis
169 2401 320 2465 expressa
337 2388 419 2464 typis
436 2385 528 2446 Lond.
547 2385 635 2448 4748.
652 2389 680 2446 8.
847 2389 1047 2465 cardinalem,
1065 2395 1097 2448 44
1113 2389 1151 2450 44
1169 2379 1351 2450 inresti'tura'
1364 2386 1529 2446 talearum:
1543 2386 1570 2456 3)

109 2479 326 2542 consulatis
350 2479 513 2541 Monachus
530 2481 561 2542 S.
581 2468 790 2552 Ponioleouis,
846 2481 889 2540 144
904 2481 1037 2542 Simonis
1053 2488 1085 2542 et
1099 2483 1285 2543 investitura
1303 2485 1470 2550 torcorum,
1481 2475 1574 2555 quasi

77 2575 270 2648 coloniensis,
296 2573 367 2658 Ord.
395 2572 508 2633 EonedL
527 2572 640 2634 Auctor
660 2575 793 2636 eximius
848 2574 1295 2652 utrequedicaturhaarceis‚ad
1307 2575 1460 2636 Calixtum
1472 2573 1571 2632 1444-

76 2667 241 2744 44444444,
268 2669 449 2744 scriptorum
467 2677 526 2725 444
544 2667 735 2745 indiligenter
755 2665 792 2728 ab
845 2683 925 2744 pam,
937 2682 1028 2744 quern
1039 2665 1147 2727 burrum
1159 2669 1318 2727 Dominum
1335 2683 1424 2728 surm
1438 2671 1468 2724 44
1479 2681 1571 2744 pruo-

78 2762 125 2824 44.
139 2764 220 2825 tica
237 2760 274 2822 44
288 2758 375 2822 ⁴237.
386 2761 518 2844 Exstant
530 2762 559 2819 in
573 2759 695 2821 44444441
711 2767 792 2820 tomo
846 2756 1009 2819 cordielem
1025 2759 1156 2820 ornicum
1170 2761 1310 2839 appellnt.
1332 2761 1359 2835 4)
1373 2777 1374 2782 ’
1386 2764 1429 2822 144
1451 2775 1572 2836 posses

77 2859 160 2935 primo
177 2853 453 2917 rer.Germanicar.
472 2853 534 2913 odit
546 2869 643 2914 novae
656 2854 792 2914 Stravia-
847 2851 966 2914 sionum
983 2853 1268 2914 Ecclesiasticarum
1287 2855 1477 2925 investitura,
1489 2849 1570 2927 quod

78 2967 125 3010 nae
148 2967 217 3030 pag.
243 2951 312 3011 335.
341 2948 407 3008 fut.
440 2947 591 3008 emendati
618 2964 655 3008 44
683 2931 791 3010 Codice
846 2941 976 3025 Regibus
1002 2945 1187 3008 concedatur
1215 2948 1242 3021 5)
1260 2945 1398 3016 Qualiter
1413 2945 1570 3021 dispensa}

79 3043 347 3123 Guelpherbyteno.
405 3053 408 3073 ¹
846 3041 944 3099 tiones
960 3037 1089 3099 debeant
1106 3039 1178 3099 4441.
1197 3039 1224 3114 6)
1242 3041 1285 3098 De
1302 3039 1399 3098 tribus
1412 3051 1570 3115 qusospe·

110 3133 327 3198 adoraturis
337 3133 499 3212 firmensis,
510 3133 598 3212 cujus
611 3134 791 3198 Garmrirum
846 3131 961 3192 cialiter
970 3131 1079 3193 debeat
1090 3132 1199 3192 trabere
1207 3133 1352 3206 Ecclesia,
1367 3132 1568 3205 4404444444,

80 3233 134 3291 sire
150 3227 358 3312 Epistularum
372 3225 448 3288 liber
466 3229 605 3290 versibus
626 3229 791 3310 Elegiacis,
845 3231 876 3285 ct
893 3225 985 3286 libera
999 3233 1031 3286 et
1045 3231 1129 3287 44444
1144 3227 1192 3285 sit.
1211 3227 1240 3299 7)
1261 3227 1301 3285 De
1316 3226 1395 3285 4444
1409 3224 1569 3296 44444444,

80 3325 90 3384 4
108 3323 140 3385 44
156 3321 383 3404 ingelramnum
401 3321 664 3395 archidiaconum,
681 3321 718 3382 de
730 3321 792 3383 llo-
845 3317 882 3379 44
893 3319 1089 3379 4444444444
1107 3325 1138 3378 44
1155 3309 1329 3392 44444444,
1345 3317 1517 3396 discipulos.
1540 3315 1568 3392 8)

78 3414 211 3480 nausa.
230 3413 791 3476 SomniumdeOdanehurelianensi.
845 3409 889 3471 144
919 3411 1075 3473 aflectibus
1108 3413 1273 3492 Baptismi,
1306 3409 1567 3486 confirmationis,

81 3513 104 3572 4.
115 3511 155 3572 hd
172 3513 324 3590 virginem
343 3505 504 3587 quandam.
522 3507 583 3569 48.
597 3507 675 3587 apud
692 3509 792 3590 14444
846 3505 1002 3566 Unctionis
1020 3506 1208 3566 infirmorum
1226 3509 1257 3564 et
1270 3519 1373 3566 444444
1390 3505 1520 3566 Coenus.
1541 3505 1568 3578 0)
1591 3559 1593 3564 ,
1703 3555 1707 3563 ,

81 3621 196 3684 nymum
213 3605 390 3684 vignerium
415 3618 475 3663 una
505 3615 574 3662 enm
594 3599 743 3682 Calliopes
764 3607 792 3662 44
846 3599 889 3659 144Ι
906 3599 1062 3660 iteratione
1074 3600 1273 3677 sacramenti.
1287 3600 1333 3674 40)
1349 3597 1387 3659 44
1399 3600 1570 3677 promissio·

82 3700 174 3760 rouoe
202 3695 369 3776 colloquio,
401 3697 466 3756 sive
491 3693 629 3771 eiusdem
649 3693 790 3755 Gudfredi
847 3691 935 3752 nibus
952 3709 1029 3770 quas
1046 3710 1099 3771 pro
1117 3694 1350 3754 consecratione
1366 3689 1570 3752 Abbatossub

79 3793 207 3854 versibus
222 3788 411 3852 hexametris
427 3789 567 3848 Leoninis
579 3785 616 3848 ad
627 3783 791 3849 Gibuinum
846 3787 966 3847 nomine
980 3788 1172 3866 professionis
1189 3783 1300 3848 faciunt
1322 3789 1498 3865 Episcopis,
1522 3788 1569 3862 44)

82 3887 291 3965 lingonensem
310 3883 348 3944 ab
365 3881 399 3944 Α.
418 3881 487 3942 064.
504 3881 698 3960 Episcopum,
712 3880 791 3942 unde
845 3879 888 3938 De
904 3879 1105 3941 clamantibus
1123 3879 1289 3941 inordinate
1305 3887 1337 3940 et
1360 3879 1569 3958 respondenti-

8 3935 10 4062 l
81 3977 161 4056 hujus
176 3975 452 4058 quoqucssodfridi
478 3981 562 4034 aetas
593 3974 791 4053 cognoscitur.
845 3971 1110 4054 businCapitulo.
1127 3975 1174 4046 44)
1190 3973 1347 4034 1444411444
1362 3989 1439 4049 quae
1455 3975 1603 4052 Pastori·

81 4073 116 4130 lie
130 4071 238 4136 Codice
265 4071 316 4132 4114
332 4071 393 4132 fils.
420 4067 557 4129 Labbeus
586 4085 651 4146 pag.
675 4067 722 4128 50.
745 4067 792 4126 144-
846 4068 946 4126 444444
957 4066 1198 4144 debent‚justitia
1212 4067 1241 4125 in
1252 4065 1374 4146 iudicio,
1389 4063 1568 4123 discretione

80 4163 172 4224 blioth.
190 4167 278 4226 MSS.
846 4159 876 4219 in
905 4169 1081 4242 praecepto,
1102 4166 1134 4221 ct
1164 4159 1352 4238 providentia
1374 4159 1403 4216 in
1426 4157 1565 4218 consitio.

113 4257 325 4320 0044411408
335 4255 497 4339 Spirensis,
512 4273 549 4315 44
567 4255 710 4315 41444444
721 4253 793 4314 Ord·
1126 4277 1128 4280 ·
1678 4253 1682 4260 '

80 4351 181 4412 liened.
197 4351 494 4432 weissenburgensi,
515 4349 685 4426 Episcopus
702 4347 740 4408 ab
756 4346 791 4408 Α.
887 4368 913 4429 a)
931 4321 994 4420 rtur
1010 4371 1172 4420 sirmondum
1191 4371 1216 4418 tn
1235 4370 1308 4425 444,
1325 4368 1447 4416 utimum
1472 4369 1498 4418 tn
1524 4379 1571 4417 ru-

81 4445 142 4504 958.
157 4445 195 4506 ad
210 4445 378 4506 94414444
391 4441 426 4505 cle
436 4440 564 4524 jejunio,
587 4438 753 4520 charasyrru
766 4446 797 4514 ef
840 4447 924 4496 444414
938 4443 1018 4505 agro.
1035 4445 1178 4504 usuagium
1198 4447 1225 4490 44
1239 4442 1346 4492 historia
1358 4441 1498 4492 saboiienst
1512 4455 1570 4504 444.

78 4538 248 4616 ...ui
261 4534 795 4634 4444404444-
844 4519 1066 4652 ¹⁰taurii:
1080 4506 1491 4652 ruu..uin·.iii¹⁰⁰⁰‘¹¹

83 4633 123 4691 nl⁰
138 4635 330 4695 possemus·
889 4667 914 4724 4)
931 4668 995 4714 41444
1022 4669 1124 4714 ivonem
1152 4666 1353 4726 carnotensem,
1372 4665 1535 4714 4444444444
1548 4671 1571 4716 af

116 4749 141 4810 4)
156 4753 217 4802 Vide
232 4755 365 4812 4444444444
396 4749 532 4800 1444444144
553 4719 693 4807 γ4444444444
719 4742 796 4794 medii
843 4740 1001 4802 strabonum
1015 4739 1443 4802 joberopponereuotdrsrus,qur
1459 4737 1573 4790 1114444·

79 4826 127 4874 aeri
143 4827 258 4892 prusa,
844 4815 913 4864 hibet
931 4816 956 4862 in
975 4813 1094 4876 apologia
1112 4827 1158 4876 pro
1175 4817 1284 4865 iteruieo
1304 4817 1344 4864 44.
1364 4825 1421 4876 pag.
1438 4813 1494 4866 457,
1555 4858 1559 4866 ,

1307 4921 1344 4975 48
