3608 5604
223 6 284 68 554
836 7 1129 72 44444444

224 115 270 180 nit
298 117 328 178 ei
352 117 381 176 L.
400 113 545 195 Apuleius
571 113 607 175 de
625 113 746 192 herbis,
765 122 794 176 et
811 117 952 178 Leontius
1008 117 1087 178 aiam
1106 114 1314 198 blasphemant
1323 127 1350 182 et
1366 121 1482 194 4444444,
1496 141 1540 184 cut
1553 124 1679 186 4444444444

223 208 458 292 Mythoprapbus
472 254 478 282 ,
493 213 601 268 auctor
617 208 738 270 monime
755 208 855 271 malus
874 259 882 284 ,
898 228 951 271 su·
1008 211 1167 274 Laicoruno
1182 209 1285 293 facilis
1300 219 1345 275 est
1359 214 1398 274 od
1423 215 1603 282 medendum.
1620 221 1681 281 adde

220 301 394 387 purioribus
411 301 500 362 annis
517 319 538 360 a
554 299 638 362 nobis
654 307 769 363 tontum
785 322 841 364 non
852 301 891 363 ab
907 305 950 364 in-
1006 325 1072 386 pag.
1097 309 1166 368 253.
1184 311 1206 368 B
1233 308 1267 368 C.
1285 325 1349 386 pag.
1367 309 1432 370 875.
1451 311 1478 370 8.
1495 312 1527 372 G.
1543 319 1571 372 et
1583 313 1641 374 sn.
1653 315 1681 374 C.

223 397 300 479 serr's
314 395 481 470 eaeitotus,
494 391 696 474 etalipuando
709 412 777 456 cum
790 395 949 476 Philolopis
985 457 988 464 Δ
1006 395 1054 456 ubi
1070 395 1208 458 Leonista
1222 393 1383 476 discipulus
1393 398 1539 460 tulianiet
1548 400 1683 480 Pelopiap

222 486 494 552 communicandus.
521 488 678 549 Gesnerus
695 490 723 547 in
741 489 813 549 Eibl.
834 487 951 550 Leontii
1004 489 1141 568 pellatur.
1160 487 1234 550 Vide
1249 492 1338 550 etism
1356 491 1440 552 Edm.
1452 495 1572 554 hlartene
1586 496 1682 554 tomi.

222 581 380 664 cujusdam
412 579 523 642 tibrum
552 580 583 641 in
601 599 661 661 quo
686 580 804 661 aliquot
822 579 948 663 fabulae
1001 581 1173 642 anecdotor.
1191 599 1261 662 pag.
1279 583 1684 665 47648444444444444444-
1765 601 1767 672 l

223 679 383 739 Poetarum
398 679 595 752 enarrantur,
607 680 743 750 castore,
756 674 860 737 uideor
873 675 947 736 mille
1001 676 1188 736 stitutionem
1208 677 1236 735 in
1253 677 1419 738 Cherubini
1438 679 1560 740 Bullario
1577 686 1639 739 tom.
1661 683 1684 740 4.
1766 673 1767 696 ³

221 767 337 832 alieubi
352 767 471 848 legisse.
488 770 596 830 boscio
613 769 733 830 idemne
752 771 792 828 sit
809 769 946 830 Leontius
1002 783 1067 846 pag.
1098 769 1166 830 444.
1196 777 1229 829 44
1256 772 1399 832 bzovium
1414 771 1449 832 ad
1469 771 1522 832 444.
1538 774 1614 834 4384.
1627 791 1652 832 n.
1662 771 1686 830 4.
1765 719 1767 806 l

222 865 448 925 Grammaticus
464 871 663 941 cognomento
677 859 821 934 lasciuus,
835 862 872 924 de
884 879 944 940 quo
1000 861 1145 938 Congium
1164 863 1319 940 glossario.
1766 842 1768 932 l

221 960 375 1021 Ausonius
394 954 944 1035 4444444444446448446434444444444
1037 953 1079 1014 De
1097 953 1293 1017 LEOPOLDO
1311 956 1688 1032 Austriaetdarehione,eo
1766 949 1768 1086 A

221 1053 408 1130 Epigramm.
424 1047 455 1110 7.
1000 1054 1163 1125 gnomento
1180 1051 1230 1110 Pio
1247 1067 1294 1110 an.
1319 1050 1407 1111 4486.
1428 1051 1473 1112 46.
1491 1051 1559 1111 Nun.
1571 1049 1689 1110 dehnctu

262 1143 453 1207 LEONTIUS
482 1143 651 1220 Episcopus
678 1137 896 1221 Forojuliensis
914 1143 944 1202 44
1000 1139 1069 1217 eius
1088 1143 1282 1222 genealogia,
1303 1149 1333 1204 et
1354 1145 1462 1222 gestis,
1485 1151 1578 1204 vetera
1604 1159 1688 1202 mono·
1766 1101 1768 1196 l

221 1239 317 1300 Gallia
345 1236 529 1298 Narbonensi
547 1237 625 1296 circa
644 1234 679 1294 Α.
698 1235 730 1296 C.
751 1233 819 1295 653.
838 1234 946 1296 deiun—
1001 1239 1103 1294 menta
1118 1234 1281 1312 publicavit
1298 1237 1331 1296 V.
1344 1237 1375 1297 C.
1389 1238 1570 1298 hieronimus
1579 1238 1629 1295 Pet
1638 1241 1689 1293 tom
1766 1199 1768 1320 l

222 1332 378 1401 ctus‚cui
402 1330 568 1391 Cassianus
588 1326 699 1388 decem
729 1329 844 1405 priores
873 1343 946 1388 suas
1001 1329 1228 1406 t.scriptorum
1246 1329 1473 1393 Austriacorum
1492 1347 1552 1406 pag.
1566 1327 1625 1389 575.
1638 1343 1690 1405 444.
1767 1333 1769 1390 1

222 1426 401 1488 collationes
415 1421 578 1482 dedicavit.
594 1420 669 1481 Vide
686 1422 849 1481 henricum
859 1411 946 1482 Naris
1003 1420 1051 1481 ubi
1066 1423 1156 1480 etiam
1168 1421 1364 1483 tutudisti
1382 1421 1491 1483 Pataui
1502 1469 1509 1496 ,
1520 1423 1581 1482 tCti
1592 1465 1598 1492 ,
1610 1421 1692 1481 4444

224 1520 274 1580 lib.
292 1521 321 1580 S.
337 1519 411 1578 44444.
430 1515 603 1592 8444344444
618 1505 685 1594 ‘cap
703 1515 730 1575 3.
749 1513 776 1573 44
790 1517 837 1575 45.
851 1512 947 1574 Ludo·
1001 1515 1059 1573 4444
1072 1514 1295 1578 consistorialis
1309 1523 1339 1576 44
1357 1517 1517 1594 Peuporum
1530 1559 1537 1589 ,
1550 1515 1654 1591 Equitis
1666 1518 1693 1571 44

225 1615 327 1673 vicum
343 1610 385 1672 du
399 1613 480 1670 Fauo
497 1611 527 1669 S.
543 1609 566 1668 l.
579 1609 608 1666 in
622 1609 745 1668 Leontio
756 1607 904 1685 Episcopo
915 1612 946 1666 44
1001 1606 1129 1666 Comitis
1140 1607 1244 1668 Oratio
1255 1625 1321 1687 pag.
1333 1607 1400 1669 577.
1413 1615 1443 1668 et
1452 1609 1635 1670 Summanum
1647 1606 1693 1666 Ca

224 1699 944 1783 4444434444448444444444446444444444,4638.
1001 1699 1694 1779 444444444οηί444444444444444.4444444485

224 1801 250 1860 8.
270 1797 453 1860 4444444444
465 1793 623 1854 4444444444
637 1794 665 1850 44
680 1793 751 1851 vitis
765 1792 943 1852 Sanctorum
986 1807 988 1814 ·
1002 1791 1240 1869 tactae,euthore
1253 1794 1397 1856 tOthNE
1413 1793 1565 1854 Francisco
1576 1791 1608 1852 dc
1621 1791 1694 1850 Paui-

226 1894 252 1953 4.
275 1888 415 1952 4444446.
437 1883 686 1948 sammarthanus
700 1892 762 1944 tom
788 1886 816 1944 4.
832 1883 945 1944 Galliae
1001 1900 1049 1944 nis
1061 1927 1068 1958 ,
1082 1884 1120 1945 dc
1134 1885 1254 1961 Padus,
1269 1887 1299 1948 S.
1314 1887 1416 1948 Theul.
1428 1894 1459 1947 44
1472 1889 1547 1948 turis
1559 1887 1694 1962 utriusque

223 1985 335 2045 Christ.
365 1999 433 2060 pag.
462 1978 531 2041 587.
553 1980 746 2039 vincentium
764 1975 896 2037 84444444
915 1977 944 2032 44
1001 1978 1129 2039 Doctora
1150 1986 1182 2039 et
1201 1995 1361 2042 44444444
1382 1983 1413 2041 S.
1432 1981 1529 2042 Palatii
1554 1977 1694 2057 4444444444

222 2077 419 2154 chronologia
437 2079 612 2134 sanctorum
632 2071 783 2132 hbbatum
802 2069 946 2128 4444444-
1002 2070 1138 2132 44444444
1155 2087 1221 2151 pag.
1241 2067 1308 2134 593.
1327 2073 1474 2135 Collectaa
1490 2074 1520 2134 44
1535 2073 1632 2144 hissa,
1649 2070 1695 2130 Se

223 2174 302 2232 sium
321 2187 388 2248 pag.
406 2166 474 2228 426.
492 2181 557 2243 seq.
576 2171 608 2225 et
624 2163 852 2225 Titlemontinm
871 2166 944 2218 tom.
1003 2168 1127 2242 quentia
1154 2173 1185 2226 44
1206 2169 1344 2244 Hymnus
1364 2168 1401 2229 de
1422 2167 1452 2228 S.
1479 2164 1612 2244 Leopotdo
1637 2179 1693 2240 pag.

226 2263 273 2324 te.
291 2277 406 2324 memor
421 2275 487 2338 pag.
508 2258 576 2317 468.
593 2273 658 2335 seq.
901 2271 905 2280 ·
1006 2257 1075 2318 679.
1089 2273 1151 2336 seg.
1167 2277 1205 2319 ex
1222 2263 1382 2322 breviariis
1398 2260 1546 2321 Ecclesiae
1559 2257 1696 2318 84444444-

266 2352 453 2415 LEONTIUS
469 2349 765 2429 magistermilitum,
778 2364 816 2407 ex
830 2343 946 2424 pracfe-
1008 2353 1051 2412 sis
1068 2367 1115 2411 an.
1134 2353 1221 2413 4563.
1240 2355 1326 2416 4644.
1344 2352 1430 2416 4647.
1448 2353 1529 2416 tuta.
1547 2351 1636 2412 044444
1650 2348 1694 2407 illa

224 2450 283 2510 ctis
299 2447 460 2525 praetoria,
479 2442 655 2505 Consularis
663 2448 760 2521 ‘atque
772 2435 938 2508 Patricius,
1006 2452 1107 2506 exstas
1128 2452 1218 2507 etiam
1239 2447 1316 2525 apud
1335 2448 1453 2509 Sursum
1476 2447 1519 2507 45,
1538 2445 1605 2505 stov,
1623 2447 1650 2500 et
1667 2442 1695 2498 tn

225 2557 315 2620 quem
334 2540 525 2600 lastinianus
542 2539 707 2614 Imperator
723 2537 760 2598 sd
775 2536 827 2618 jus
854 2539 944 2600 civile
1005 2538 1188 2600 balthasaris
1202 2540 1384 2600 Polluinanni
1397 2535 1575 2616 compendio
1587 2535 1659 2592 444444
1668 2538 1696 2591 44

222 2632 422 2697 ordinandum
441 2638 472 2691 et
490 2649 602 2696 novum
622 2631 761 2693 Codicem
774 2633 943 2696 iaciendum
1007 2632 1218 2694 miraculorum
1241 2635 1270 2694 S.
1291 2632 1446 2710 Leopoldi,
1464 2629 1539 2690 edito
1554 2645 1597 2688 an.
1617 2625 1694 2686 4584.

225 2747 286 2792 444
306 2743 377 2788 cum
391 2726 572 2787 'tribuniano
589 2733 619 2786 et
637 2725 704 2787 aliis
718 2725 820 2804 allegit
837 2728 894 2788 An.
909 2729 943 2790 C.
1004 2739 1041 2782 44
1057 2743 1117 2803 quo
1130 2725 1231 2786 itidem
1249 2727 1449 2786 Summanum
1465 2720 1531 2782 illud
1544 2715 1694 2782 Peziusdc-

223 2823 292 2886 629.
310 2818 502 2895 Videndum,
520 2819 639 2880 idemne
660 2820 700 2878 sit
727 2835 797 2879 cum
821 2821 943 2882 Leontio
1002 2820 1137 2895 promsit.
1175 2821 1289 2880 Battum
1328 2816 1558 2880 canonisationis
1596 2811 1694 2870 habent

221 2915 406 2978 Scholastica
423 2919 455 2974 44
468 2911 693 2987 referendario,
710 2911 749 2972 de
776 2927 836 2989 quo
871 2919 943 2974 tom.
1001 2912 1092 2972 etiam
1111 2913 1299 2974 Cherubinus
1316 2918 1386 2972 tom.
1405 2913 1432 2973 4.
1450 2907 1549 2970 bullari
1564 2921 1621 2983 pag.
1634 2901 1691 2963 463.

220 3007 285 3069 Vll.
298 3005 375 3067 Eibl.
391 3007 522 3066 Graecae
546 3021 612 3084 pag.
639 3003 706 3064 t5t.
735 3005 785 3064 ubi
813 3004 851 3066 de
878 3006 945 3067 aliis
1001 3013 1032 3066 et
1050 3009 1180 3067 Bzovius
1199 3005 1237 3066 ad
1254 3023 1304 3067 an.
1322 3003 1408 3068 4485.
1427 3022 1455 3062 4.
1473 3003 1544 3064 44444.
1771 3057 1772 3064 ,

222 3103 362 3164 montiis.
380 3099 427 3161 Ad
440 3097 681 3160 Theadebertum
694 3099 877 3161 Francorum
889 3100 947 3160 444·
1042 3099 1228 3162 LEOPOLDl
1245 3100 1336 3160 Ducis
1350 3098 1487 3158 44444444
1504 3095 1532 3154 F.
1545 3088 1693 3167 compilatio

224 3211 292 3274 gem
319 3193 437 3272 legatus
460 3188 684 3252 estabeudem
702 3191 945 3267 iustinianu,ut
998 3190 1036 3253 de
1056 3193 1215 3254 dstrorum
1237 3193 1383 3260 scicntia,
1404 3189 1505 3249 decem
1533 3181 1688 3244 tractuibus
1771 3213 1772 3220 .

223 3293 371 3348 memorat
389 3287 549 3362 Procopius
560 3283 611 3344 lib.
624 3283 652 3344 3.
665 3282 703 3343 de
715 3282 794 3343 bellu
808 3283 943 3344 Gothico.
998 3288 1081 3365 typis
1098 3288 1248 3365 exscripta
1266 3285 1416 3362 Augustae
1434 3281 1518 3342 4489.
1537 3279 1563 3337 4.
1581 3271 1690 3336 84444444

264 3373 451 3436 LEONTIUS
467 3370 692 3451 Nt'cottolt'lssmtt
704 3369 784 3448 apud
796 3371 944 3450 Canglum
1000 3385 1122 3441 notante
1144 3377 1312 3458 Leopoldus
1329 3376 1366 3436 de
1381 3375 1519 3446 Austris,
1537 3367 1691 3442 tetralogus

223 3484 261 3527 44
285 3467 413 3527 Simlero
432 3469 539 3526 vitiose
558 3483 610 3544 pro
627 3461 821 3544 Neapolitano
839 3466 868 3525 in
885 3466 944 3544 Cy·
997 3489 1124 3551 magnae
1142 3473 1238 3534 tamne
1255 3471 1355 3531 4444444
1370 3469 1449 3528 circa
1464 3483 1512 3526 an.
1528 3461 1609 3524 4600.

222 3575 277 3637 pro
293 3558 416 3618 insuta.
435 3558 493 3619 Sed
513 3561 538 3618 is
562 3560 619 3619 sub
636 3559 730 3620 seculi
747 3560 867 3636 septimi
885 3559 945 3618 cla·
1038 3565 1188 3646 Lupoldas
1200 3567 1225 3640 4)
1240 3563 1276 3626 de
1290 3557 1459 3638 babenberg
1475 3560 1536 3618 sive
1554 3550 1691 3614 LEOPOL·

225 3667 278 3712 rus
294 3651 395 3724 initia,
413 3651 527 3711 Graeca
544 3651 666 3728 scripsit
681 3667 741 3710 uon
761 3651 885 3725 Latine,
905 3650 944 3712 de
999 3661 1072 3724 DUS
1089 3662 1283 3720 Decretorum
1301 3657 1409 3715 Ductor
1421 3659 1452 3713 et
1469 3649 1571 3711 tertius
1583 3646 1632 3706 hoc
1646 3657 1689 3700 aa

224 3742 314 3822 cujus
328 3741 586 3804 lucubrationibus
603 3741 718 3803 dictum
740 3748 761 3801 t.
789 3742 850 3803 Vll.
869 3743 943 3805 Eibl.
999 3756 1079 3814 mine
1096 3751 1327 3830 hamburgensis
1344 3747 1380 3808 ab
1396 3761 1446 3806 aa.
1465 3743 1545 3806 4354.
1562 3737 1595 3800 ad
1615 3732 1689 3795 4863.

224 3837 357 3898 6488046
374 3851 441 3914 11⁸ss-
460 3836 529 3896 453·
574 3885 577 3892 -
999 3848 1175 3926 Episcopus
1184 3829 1689 3906 ConsiliariusLudovicittanarilmp

264 3929 463 3992 LEONISTAE
484 3931 549 3989 sive
573 3931 721 4008 Pauperes
738 3928 776 3990 de
799 3930 944 4010 Lagddno
998 3941 1119 4020 scripsit
1138 3939 1176 4002 ad
1193 3936 1388 4000 Baldeviuum
1407 3929 1690 4020 Lucemburgeusem,⁸

225 4025 313 4099 (4444
325 4021 515 4100 Lugdunum)
530 4025 570 4084 444
586 4022 801 4084 describuntur
811 4041 828 4085 a
840 4025 945 4084 heinc-
998 4033 1262 4112 Archiepiscupum
1273 4030 1478 4090 Trevireuscm
1492 4019 1598 4100 dejure
1612 4018 1690 4090 444344

225 4137 258 4180 ro
274 4124 379 4178 contra
399 4115 579 4177 Waldenses
596 4118 675 4178 Petri
693 4116 808 4192 Waldi,
826 4118 945 4196 Lugdu·
997 4131 1028 4188 et
1041 4124 1164 4204 Imperii
1173 4120 1298 4186 humani
1308 4120 1418 4181 librum
1434 4115 1544 4177 aditum
1558 4128 1603 4172 aa.
1616 4105 1690 4205 4548.

225 4212 330 4273 6644348
362 4216 553 4284 8904340448»
582 4227 647 4289 ⁰³1)-
678 4211 942 4273 l·l·XXV·l³lbl·
999 4222 1026 4281 4.
1041 4229 1132 4299 atque
1148 4221 1177 4277 in
1196 4217 1325 4278 Simonis
1340 4209 1472 4274 Schardii
1489 4206 1598 4285 sylloge
1610 4199 1690 4273 64444·

221 4303 345 4366 pallum
357 4303 452 4384 Lussd·
463 4304 532 4366 ²⁶4·
547 4305 628 4368 Haec
639 4309 721 4365 440444
738 4321 877 4383 mattam
890 4303 943 4364 la·
997 4313 1170 4374 risdictione
1183 4307 1330 4389 Imperiali
1341 4307 1370 4382 b)
1385 4301 1471 4365 basil.
1486 4299 1567 4362 4666.
1580 4295 1623 4356 444.
1635 4305 1688 4369 444-

226 4392 275 4455 644
292 4398 420 4476 speciem
437 4395 559 4478 pietatis
587 4414 619 4458 eo
636 4397 716 4476 quood
731 4415 834 4458 corant
851 4396 942 4457 hami-

225 4485 313 4548 nibus
338 4489 417 4572 ium
444 4489 570 4564 ‘’ivan‘'
594 4487 672 4596 pene
687 4492 787 4595 omli?
804 4490 840 4551 de
861 4493 942 4552 ΜΟ
990 4548 1113 4609 heriburg.
1131 4545 1192 4595 vtde
1208 4542 1327 4593 Saadlum
1344 4538 1376 4589 td
1391 4541 1459 4587 vost.
1476 4545 1531 4596 pag.
1545 4523 1689 4580 dli-0⁶¹¹·¹

226 4579 369 4658 credant,
382 4591 411 4643 et
419 4601 525 4645 omnes
535 4583 685 4646 articulus
697 4603 749 4665 qut
760 4603 791 4645 an
801 4583 938 4664 Symbola
989 4637 1028 4675 m,
1050 4627 1164 4673 cmm·

226 4674 433 4736 continentur:
456 4676 636 4739 stemmata
659 4681 823 4740 Romanam
839 4676 937 4739 444444-
1034 4699 1060 4758 b)
1078 4701 1167 4748 ussus.
1187 4699 1318 4756 4434444.
1337 4685 1404 4739 teto.
1421 4685 1464 4736 41.

1037 4473 1061 4531 n
1072 4471 1132 4522 nnn
1143 4473 1233 4520 44444
1243 4427 1392 4529 Lototpnol
1408 4461 1445 4512 vu
1460 4457 1599 4508 cunutus
1610 4449 1689 4501 44-
