3562 5580
671 85 1009 148 'HADRIANUS
1533 93 1590 154 tut
1692 137 1699 150 .

6 223 8 260 r
92 191 396 268 stomata-laudato,
411 191 543 272 [4444444
559 190 814 272 dediscendae
863 199 981 273 potmne
996 193 1116 271 librum,
1133 199 1165 254 44
1178 194 1270 259 alium
1285 194 1322 256 de
1339 195 1532 278 conceptione
1556 199 1591 259 E.

6 287 8 362 l
91 282 232 346 mutter
246 291 423 352 secuturam
434 286 547 364 4494444
562 289 591 350 44
604 301 713 348 nomm
726 283 814 362 requi
866 285 985 348 ltcrioe
1004 286 1138 365 Vtrptm'e
1155 286 1194 348 ad
1219 289 1339 350 Petrum
1358 291 1589 366 pontiniacum,

6 427 7 432 ,
90 369 289 442 nomenensi
301 375 432 458 sumnum
451 377 654 457 proposuisse.
804 403 809 415 ·
866 381 1048 458 Episcopum
1067 380 1323 442 attrebatensem:
1338 399 1395 444 nec
1413 399 1472 444 non
1492 384 1594 446 Humi·

6 479 7 496 ¹
124 469 345 534 HADRIANUS
359 469 400 532 lll
418 514 427 542 ,
445 471 483 532 ab
497 471 553 534 An.
573 472 640 530 88l.
665 471 749 532 llari.
773 465 816 547 4,·
867 471 925 534 aar
945 472 1259 558 etpoteobirmntinns
1284 475 1377 553 Lepos
1404 473 1447 535 cd
1467 475 1594 556 pupulos

89 562 124 626 ad
141 562 268 626 dunum
285 565 354 626 ast.
378 563 437 628 iul.
462 564 491 624 8.
517 563 672 643 Epistulae
698 563 818 640 Synodi
867 565 1064 646 Norweptoee
1089 571 1119 628 tt
1142 567 1267 629 8444444
1294 567 1382 628 viden
1400 572 1591 631 memoraris

89 657 286 720 Duziacensis
298 657 356 719 An.
373 657 427 720 stt
449 657 571 720 habitae
587 657 665 718 male
680 655 718 720 ad
733 656 815 722 hunc
868 659 1023 722 Luduvico
1041 659 1150 722 tacebo
1166 659 1306 720 Biblioth.
1332 659 1504 722 Pontificius
1526 677 1594 742 pag.

6 767 7 796 l
90 748 507 814 HadrianumaLud.lacobo
516 750 813 828 scriptneteruutur,
870 754 938 814 405.
957 751 1055 830 liujus
1072 752 1162 812 etiam
1180 757 1230 812 est
1245 749 1594 830 Epistoloudlicrilicm

6 839 7 844 ’
90 858 166 920 quas
188 841 229 904 44
246 842 429 916 Hadrianum
446 844 493 918 ll,
511 845 642 920 scriptas
660 857 728 904 4444
744 857 815 904 con·
868 843 1070 908 4444444444»
1087 891 1094 915 ,
1110 845 1437 921 Thessalonicensem,
1464 845 1501 908 de
1527 865 1595 912 reu·

6 1005 7 1016 ,
90 941 174 1010 stat,
206 937 286 1000 44444
306 937 399 1000 etiam
421 936 574 1015 Epistulae
601 935 640 998 ad
670 936 814 998 Basiliam
870 937 980 1000 444444
994 938 1131 1000 Ecclesia
1146 937 1296 998 Orientali
1311 953 1383 998 cum
1398 939 1593 1016 occidentali,

91 1030 163 1108 lmp.
181 1027 270 1091 crot.
286 1030 315 1088 in
332 1029 417 1094 44444
431 1029 544 1108 Synudi
562 1029 645 1106 Vlll,
673 1045 732 1092 non
759 1029 815 1091 lla-
869 1046 1028 1109 quaecum
1039 1030 1139 1092 Basilii
1152 1031 1349 1109 responsione
1365 1033 1596 1096 444444444444-

6 1101 7 1146 ³
89 1122 183 1186 driani
203 1123 285 1183 tertii
303 1129 377 1186 sunt
391 1164 398 1198 ,
414 1121 468 1184 sed
489 1121 628 1184 secundi.
649 1121 691 1182 At
713 1119 814 1184 Basilii
869 1123 976 1202 qaardi
990 1124 1111 1185 Freheri
1129 1125 1204 1184 lure
1221 1123 1335 1184 Graeco
1358 1124 1442 1184 Eum.
1459 1125 1594 1186 Francui.

6 1243 7 1288 ς
89 1217 163 1296 lmp.
182 1215 291 1298 plenae
306 1216 553 1280 trammlttterae
571 1215 608 1278 ad
627 1214 825 1278 Hadrianum⁴
870 1217 960 1290 44496,
977 1217 1026 1278 444.
1042 1216 1156 1280 Graece
1172 1223 1204 1276 et
1217 1217 1322 1278 latine
1339 1215 1421 1277 edito
1438 1233 1504 1297 pag.
1533 1217 1594 1279 4444

6 1317 7 1370 t
89 1311 138 1385 lll,
155 1307 239 1388 quud
255 1316 288 1368 et
304 1309 368 1387 ipse
386 1309 491 1370 Photis
504 1309 670 1372 adversum
684 1325 718 1368 se
729 1324 816 1387 prae·
871 1315 965 1388 atque
982 1310 1052 1372 inde
1070 1318 1139 1390 post
1149 1309 1391 1372 Commentarios
1405 1311 1529 1372 loannis
1543 1311 1596 1370 Zo-

90 1402 376 1480 buisseullndrinnc
391 1402 516 1476 demum
534 1402 813 1464 deiunctollomarn
870 1421 961 1465 naras
980 1405 1008 1464 in
1037 1405 1178 1466 Canaces
1205 1403 1361 1465 Concilicr.
1387 1404 1477 1464 Puris.
1496 1403 1594 1480 4648,

89 1497 197 1560 allaim
215 1503 308 1572 sunt,
324 1495 362 1558 ad
378 1511 455 1576 quas
473 1495 629 1574 respondit
656 1509 816 1559 successor
870 1497 919 1557 iul.
934 1513 1001 1576 pag.
1025 1498 1093 1558 784.
1111 1494 1156 1558 De
1173 1496 1229 1557 buc
1245 1498 1378 1558 loannes
1392 1496 1596 1558 Sarisberien·

6 1639 7 1642 ¹
91 1591 158 1668 eius
174 1589 351 1670 Stephanus
368 1590 404 1660 V.
421 1589 468 1665 (al.
481 1589 539 1666 vt,
553 1587 634 1668 apud
650 1591 760 1650 Earon.
777 1587 814 1650 sd
870 1592 913 1650 sis
931 1590 969 1652 Vl
984 1635 992 1668 ,
1009 1591 1048 1653 44
1066 1591 1103 1652 44
1124 1592 1214 1670 nugis
1228 1590 1344 1652 (444444.
1364 1597 1396 1650 44
1412 1589 1492 1668 apud
1507 1589 1597 1650 Albe-

91 1685 213 1748 dnuum
230 1682 290 1744 884
306 1700 389 1746 num
406 1683 469 1757 lX,
486 1698 551 1762 seq.
576 1681 703 1744 Carolus
732 1681 817 1762 Sigo-
871 1686 968 1747 riuum
983 1685 1021 1746 ad
1038 1683 1161 1764 Annum
1182 1685 1269 1746 4454.
1284 1700 1313 1762 p.
1332 1683 1400 1746 344.
1415 1682 1526 1744 Audiri
1544 1685 1598 1744 l’a·

6 1771 7 1804 r
90 1777 159 1842 nius
174 1779 230 1840 lib.
247 1778 292 1852 V,
312 1775 350 1838 de
370 1793 463 1856 regno
492 1775 594 1838 ltaliae
624 1773 661 1838 44
691 1774 815 1838 dunum
873 1793 943 1856 pem
965 1776 1132 1840 4444444444
1154 1777 1325 1852 dicentem,
1353 1775 1438 1854 quod
1463 1777 1597 1838 Romano

91 1873 148 1934 884
165 1871 270 1934 retent.
288 1869 472 1932 lindriacum
487 1869 538 1943 lll,
555 1869 660 1930 statim
679 1868 746 1930 sub
761 1869 817 1927 ini·
872 1870 1017 1930 Pantilius
1034 1869 1327 1932 ucmumiserabilcr
1344 1875 1411 1943 est,
1427 1867 1597 1929 4444444444

91 1967 167 2026 tiam
187 1965 320 2042 Papatus
336 1963 384 2026 sui
403 1960 547 2024 (laubaca
558 1959 681 2022 decreta
699 1959 816 2033 iecisse,
874 1963 1050 2026 illiusnulla
1068 1961 1276 2026 miserabilior.
1288 1961 1451 2023 Fatebatur
1464 1963 1546 2022 euim
1562 1975 1597 2022 44

15 2129 18 2136 ,
92 2074 187 2126 naum
202 2073 259 2136 pru
275 2058 477 2118 Romanorum
491 2052 651 2128 libertate,
667 2057 704 2126 ut
718 2051 818 2114 Ponti«
872 2059 901 2116 in
923 2056 1029 2118 eadem
1053 2054 1128 2115 sede
1149 2059 1253 2116 tantas
1273 2053 1412 2114 miserias
1434 2053 1597 2130 invenisse,

91 2145 147 2230 {tn
161 2148 337 2228 4444944444
353 2144 530 2210 consecrari
551 2144 617 2224 sinc
641 2143 818 2225 procreatio
872 2153 908 2210 ut
928 2149 1006 2210 44444
1026 2147 1185 2208 collatione
1202 2145 1463 2226 praecedentium,
1478 2159 1598 2224 praene-
1725 2189 1731 2200 .

94 2243 181 2322 ltepir
196 2245 255 2302 cut
270 2239 448 2320 Eupatorem
463 2239 530 2319 ejus
542 2244 662 2317 posset:
684 2238 814 2300 alterum
871 2242 949 2303 dens
969 2237 1144 2304 amaritudo
1155 2237 1332 2318 jucunditas
1343 2245 1376 2300 at
1392 2239 1520 2300 felicitas
1534 2238 1598 2300 lue·

96 2351 148 2416 pro
171 2335 321 2414 dignitate
351 2334 474 2394 ltaliae:
503 2336 539 2394 ut
560 2331 703 2390 moriente
741 2332 817 2406 nepe
872 2338 921 2397 rit.
953 2337 1112 2414 Spinonem
1141 2333 1261 2394 dicebat
1283 2331 1466 2394 cathedram
1487 2331 1599 2392 summi

98 2426 522 2506 ermenteriarum
537 2421 652 2487 italicis
668 2421 817 2504 Prtmrpt
871 2428 1032 2504 Pontitltie,
1055 2433 1193 2488 mantum
1225 2427 1410 2488 acutissimis
1443 2425 1599 2502 undequa-

99 2519 151 2584 444
167 2536 312 2584 4444444444
326 2517 410 2580 titulo
423 2515 549 2596 imperii
561 2513 743 2587 4444444444.
755 2515 818 2604 44-
870 2538 931 2600 que
952 2527 1128 2582 consertum
1151 2520 1291 2593 aculeis,
1308 2525 1473 2596 memeque
1490 2517 1598 2588 mults,

98 2616 257 2694 tiquiorem
282 2619 392 2675 testem
419 2608 610 2672 desiderabat
637 2609 817 2670 Franciscus
875 2621 911 2676 ut
932 2613 1160 2674 robustissimus
1183 2618 1321 2692 premat,
1343 2617 1440 2688 terat,
1463 2618 1495 2672 et
1517 2626 1599 2670 cum·

100 2707 167 2784 Pagi¹
184 2715 259 2768 idm.
275 2705 295 2766 2
312 2703 452 2764 breviarii
472 2699 647 2762 Pontificum
669 2717 736 2778 pilg-
754 2699 822 2760 464.
875 2708 996 2767 minuat
1016 2707 1168 2767 humeros,
1202 2701 1350 2767 Coronam
1377 2710 1408 2764 et
1436 2704 1596 2782 phrygium

138 2796 359 2860 HADffldNUS
376 2796 425 2871 IV,
440 2799 530 2857 dliii
547 2791 693 2854 Nl'ffllwt
701 2788 821 2852 limiti·
874 2799 955 2861 clara
976 2801 1084 2860 meritc
1105 2797 1210 2874 videri,
1232 2799 1373 2876 quoniam
1396 2799 1483 2875 ignea
1504 2801 1596 2856 sunt:

98 2908 221 2971 spcoere
235 2891 303 2950 eive
320 2885 518 2967 detruncas
532 2931 539 2962 ,
555 2884 676 2963 Antius
690 2885 821 2964 444341-
875 2909 909 2952 sc
931 2906 1130 2969 numquama
1148 2889 1277 2950 naturali
1291 2889 1355 2950 scic
1367 2887 1492 2967 dugliaa
1510 2886 1599 2948 malle

99 2987 262 3058 etinianss,
278 2981 379 3044 Abbas
388 2981 421 3042 S.
431 2977 500 3042 licii
513 2977 552 3039 44
568 2979 714 3053 Valentia,
729 2983 822 3054 atque
875 2986 998 3060 exiisse,
1020 2990 1076 3046 aut
1097 2985 1127 3043 tn
1149 2983 1283 3044 clausum
1302 2983 1387 3042 Beati
1408 2980 1475 3042 ltufl
1495 2995 1603 3060 perpe-

100 3076 166 3138 iude
188 3094 232 3138 ex
246 3076 394 3154 Ερῑθθῡρθ
409 3073 573 3145 41444θῦ84
590 3077 622 3133 θῑ
647 3068 820 3144 caldi-1²¹5,
875 3084 928 3140 tuo
949 3077 1094 3152 latuisse,
1115 3093 1209 3154 quam
1231 3081 1334 3136 tantas
1357 3076 1488 3136 intrasse
1508 3091 1603 3153 angu-

102 3171 176 3248 l’apa
192 3169 233 3230 ab
257 3167 316 3228 An.
342 3166 431 3228 libi.
448 3163 591 3226 Decemb.
609 3163 626 3240 4
642 3161 680 3224 44
697 3161 822 3224 Annum
876 3171 968 3245 stiae,
992 3171 1049 3230 nisi
1071 3171 1141 3248 quia
1163 3169 1291 3229 Divinae
1314 3167 1532 3247 dispensationi
1555 3181 1602 3228 re·

102 3263 188 3328 ttae.
205 3259 374 3339 septembr.
395 3260 421 3320 4.
439 3259 572 3320 Exstant
586 3253 654 3332 ejus
671 3251 823 3333 Epitioioe
876 3262 983 3324 luctari
1005 3277 1064 3324 nun¹
1085 3261 1220 3323 auderat.
1244 3261 1305 3322 llcc
1325 3261 1417 3321 etiam
1440 3258 1512 3320 mibi
1534 3273 1603 3320 eae·

104 3357 193 3430 itti,
224 3355 254 3412 in
283 3354 375 3432 tomis
400 3350 620 3414 conciliorum:
652 3351 682 3408 in
712 3347 823 3424 quibus
876 3355 1000 3434 pissime
1016 3354 1135 3430 adiecit,
1149 3350 1230 3432 quod
1248 3369 1319 3416 cum
1331 3353 1369 3415 ds
1381 3351 1476 3432 gradu
1492 3353 1522 3412 in
1536 3367 1603 3429 gra·

103 3451 216 3527 prima,
232 3446 271 3508 de
290 3445 427 3508 Hibernia
453 3440 627 3520 occupanda
653 3439 691 3502 ad
718 3441 824 3500 ilenri-
876 3448 950 3510 dum
966 3465 984 3510 a
1002 3449 1155 3511 claustrali
1172 3448 1289 3512 Clerico
1303 3461 1357 3526 per
1377 3447 1479 3510 omnia
1504 3445 1602 3507 cilicia

104 3559 169 3606 unm
185 3543 224 3604 ll.
240 3539 365 3618 Angliae
385 3538 497 3615 Regem
520 3534 613 3600 ,obvia
640 3531 719 3612 apud
751 3533 824 3594 lidie
877 3543 907 3600 in
923 3555 1078 3603 summurn
1093 3539 1269 3603 Pontificem
1286 3539 1476 3602 escendisset
1493 3531 1534 3598 nil
1549 3543 1603 3598 ant

107 3636 227 3698 thaeum
255 3634 338 3692 Paris
356 3628 399 3693 dd
430 3628 487 3689 An·
516 3629 595 3688 4455
617 3633 648 3687 ei
671 3622 822 3686 Gildldum
877 3623 1286 3713 lelicitatisaut·tranquillaa
1299 3636 1380 3696 vitae
1389 3631 1502 3712 quietis
1513 3631 1602 3709 priori

105 3729 319 3790 cambrensem
336 3723 385 3784 lib.
401 3722 429 3784 4.
446 3737 472 3782 4.
489 3722 508 3780 6
524 3726 555 3780 44
571 3720 638 3781 illuc
651 3719 729 3794 xlv,
746 3733 824 3796 quae
878 3730 959 3788 vitae
973 3727 1126 3789 adiectum
1140 3735 1190 3788 est
1207 3727 1246 3789 ab
1258 3743 1399 3789 ascensu.
1417 3727 1457 3788 Et
1477 3730 1512 3786 ut
1534 3739 1603 3782 ver-

106 3820 178 3900 apud
197 3816 415 3882 4444146δωῦ41
438 3813 560 3876 chesne
575 3819 652 3874 ²⁰⁰¹·
669 3813 729 3886 IV,
750 3810 825 3870 ⁸⁰11·
877 3820 925 3881 bis
945 3823 1011 3881 eius
1034 3827 1110 3898 utar,
1132 3821 1169 3880 Io
1189 3819 1315 3896 incude,
1339 3821 1457 3898 inquit,
1477 3821 1509 3877 ct
1527 3813 1604 3876 moi-

107 3923 169 3992 ptcr
185 3912 352 3974 Francicus.
379 3925 445 3988 pag.
473 3906 606 3970 586-594
633 3911 664 3966 44
679 3903 823 3966 Eibliotb.
878 3909 923 3972 tec
960 3927 1080 3990 genappa
1113 3907 1254 3974 dilatavit
1284 3929 1332 3972 ma
1362 3909 1522 3972 Dumium:
1548 3903 1602 3968 sed

109 4007 296 4068 cluniacens.
322 4019 389 4082 pag·
419 4001 507 4062 4445.
526 3997 670 4060 Didacum
689 3994 825 4075 (1484θὶ0·
879 4017 961 4066 nunc
981 4007 1072 4065 oneri.
1090 4007 1169 4084 quud
1199 4005 1366 4066 infirmitati
1398 4018 1482 4062 mene
1510 4002 1603 4077 impu

110 4117 178 4162 num
194 4097 234 4160 de
261 4097 391 4176 primatu
419 4093 581 4168 Toletano,
611 4088 771 4169 Ugbellum
791 4090 823 4156 itt
878 4099 959 4172 snit,
974 4099 999 4158 si
1027 4098 1125 4175 plnum
1156 4101 1306 4176 supponat
1332 4089 1509 4168 dexteram,
1532 4093 1602 4169 quia

110 4191 189 4254 444Ιί4
210 4176 312 4266 satri,
333 4185 532 4250 Dacbericm:
554 4193 586 4246 θῑ
606 4182 764 4258 Bibulum
787 4179 825 4243 ad
879 4190 951 4252 mihi
966 4189 1150 4268 importabile
1169 4197 1225 4250 est.
1238 4190 1342 4250 Nonne
1357 4185 1478 4248 miseria
1491 4181 1602 4262 diguus

110 4285 185 4346 Ρθῑΐί
210 4281 249 4344 de
272 4283 371 4345 Marii&
391 4278 589 4342 Concordiam
610 4274 774 4339 &carduili
795 4281 826 4333 ei·
878 4292 928 4344 est,
947 4284 997 4361 qui
1018 4284 1070 4360 qui
1087 4299 1141 4362 ppo
1158 4285 1241 4344 tanta
1259 4286 1373 4360 pugnat
1396 4273 1546 4341 miseria?
1562 4278 1602 4337 sit

111 4379 226 4462 imperii
242 4374 304 4448 Vll,
323 4375 371 4436 ⁴8·
388 4371 577 4433 AddeGesta
594 4370 659 4431 Dffl
675 4369 826 4446 perFrna·
880 4376 1054 4438 ditissimus
1087 4378 1151 4454 qui·
1174 4375 1339 4453 deligitur,
1376 4372 1516 4449 sequenti
1552 4369 1601 4432 die

113 4487 160 4532 ens
176 4487 242 4550 pag.
260 4469 350 4530 4484.
372 4466 454 4528 Alias
482 4464 559 4526 duas
587 4460 666 4540 apud
696 4458 826 4520 eundem
882 4487 995 4549 pauper
1014 4477 1085 4543 esa,
1107 4477 1139 4529 er
1160 4468 1284 4528 infiniti.
1304 4483 1382 4545 pene
1403 4460 1602 4526 oreditoribus

114 4565 263 4626 Baluzium
292 4569 364 4620 tom.
389 4560 419 4620 4.
446 4555 568 4618 Miscell.
586 4569 652 4632 pag.
669 4553 729 4614 4444
747 4550 827 4622 444,
881 4551 1032 4611 tenebitur
1048 4551 1205 4628 obligatus.
1230 4546 1352 4610 Ambire
1376 4561 1447 4624 ergo
1464 4543 1502 4606 44
1519 4560 1603 4612 sum-

117 4659 196 4718 444444
229 4658 257 4719 ic
287 4651 424 4732 ejusdem
450 4647 613 4730 appendice
634 4635 671 4706 ad
699 4647 827 4706 llarcam
883 4659 969 4704 mum
993 4643 1203 4717 Pontificium,
1231 4647 1263 4699 44
1294 4657 1352 4701 non
1379 4640 1444 4698 sine
1472 4637 1602 4701 fraterno

117 4749 298 4827 llispauicam
316 4762 383 4825 pag.
404 4741 488 4804 4347.
504 4739 649 4821 Eiusdem
665 4739 706 4801 De
720 4753 778 4798 nuc
791 4735 829 4796 te-
885 4738 1030 4814 sanguine
1048 4735 1084 4796 44
1108 4733 1181 4803 44444
1200 4732 1384 4826 ascendere,
1408 4739 1456 4793 cst
1476 4730 1601 4792 llumulo
