3562 5582
212 63 252 128 58
809 63 834 123 i}
847 61 860 122 l
875 63 900 124 l.-
914 63 941 124 ll
956 64 980 127 U
996 58 1045 125 ln
1067 63 1128 126 lis

213 169 360 232 ihosicnm
378 179 409 232 et
427 169 651 234 cambrensem.
673 171 837 234 Bethanica
856 189 942 248 urae·
999 173 1105 232 Latino
1142 172 1276 234 valuisse
1312 177 1443 238 carmine
1472 186 1504 240 at
1531 188 1702 264 temporibus

216 271 310 340 terea,
327 266 436 328 Belcae
453 266 576 328 (lentur.
599 265 610 325 l
627 281 693 343 cap.
708 265 746 326 64
774 272 806 324 04
822 265 942 327 Pitseus
996 265 1148 340 Martialis,
1165 266 1272 328 Valerii
1293 269 1400 344 Flacci,
1414 271 1590 356 Statiisilii,
1603 280 1702 348 Stellae

214 375 280 438 pag.
294 359 352 420 404
367 360 504 422 tribuent
532 356 690 420 historiam
706 356 749 420 de
767 358 860 438 900440
872 359 942 420 Bri·
996 373 1032 418 ac
1044 359 1347 423 luvenalislleruisse
1359 364 1462 426 scribit
1471 367 1576 432 Baleus
1588 374 1702 438 centur.

194 451 312 512 'taram
327 461 359 512 et
377 453 484 516 librum
504 450 541 512 de
558 449 790 515 r'mmarieiitete
806 451 939 514 004000οε
995 453 1008 512 4
1030 468 1056 512 c.
1074 453 1122 514 al.
1141 453 1225 514 iluna
1242 456 1267 514 sl
1282 454 1445 533 audimus,
1463 461 1525 538 ipse
1545 471 1701 546 composuit

210 545 320 607 Balcus
350 547 442 608 etiam
475 545 641 608 conciones
671 545 859 622 mordentes,
885 545 939 608 ssd
995 543 1128 608 Aeneiae
1154 561 1230 608 snae
1256 548 1361 627 900440.
1379 549 1551 616 iir'starmnr
1569 555 1704 640 Amiroei
1755 543 1757 548 ¹

208 654 336 715 quarum
353 647 570 720 argumentum
587 642 664 702 satis
677 645 802 719 apparat
818 657 857 700 ex
870 641 941 719 Epi·
995 639 1085 718 Bagis
1101 646 1205 700 caetra
1223 641 1403 704 iuvenalem
1430 645 1620 712 adulatorem.
1639 653 1702 732 lipi—

209 732 284 792 siola
301 732 338 794 de
355 733 472 796 excidio
489 734 662 798 Britanniae
680 749 749 794 essa
767 736 940 812 repetitum.
999 729 1167 793 tinterniae
1198 733 1376 813 Geaarssee,
1409 735 1593 803 0004004440
1620 742 1702 807 irbrn

207 824 308 889 Placet
325 833 429 888 tamen
458 827 556 905 ielra,
584 825 727 904 quaeda
756 825 884 890 hibaeia
911 834 943 889 et
1001 825 1150 886 versibus.
1171 825 1250 888 Lites
1277 826 1423 890 taddaei
1449 830 1702 898 Nenniil’atrneie

204 919 386 982 Gambrensi
403 919 489 982 Gilda
508 921 654 998 rorarunt,
680 919 827 982 distincte
847 937 943 983 anuo·
998 917 1089 980 aeria
1104 924 1136 980 et
1147 917 1375 999 epsymmmcie.
1391 924 1489 986 Vertit
1504 929 1592 988 etlam
1608 930 1700 990 Perdi-

205 1019 279 1088 iare,
297 1013 437 1076 athenas
454 1016 494 1076 sit
510 1015 623 1076 tabulis
655 1029 796 1093 quaque:
818 1017 941 1078 omuino
999 1010 1043 1072 cis
1057 1013 1194 1091 Praesagi
1208 1012 1525 1093 mantuanensium
1543 1020 1700 1084 Dnrmniia

206 1106 657 1185 enimampleciarsaetentiam
678 1107 940 1186 GuilNicelsanii,
995 1105 1043 1168 riis
1068 1113 1100 1168 04
1129 1107 1218 1184 leues
1253 1106 1460 1186 44040044οα0,
1488 1113 1699 1194 sterneremus

205 1199 301 1274 quiin
317 1200 499 1262 Bibliotheca
519 1193 700 1282 scriptarum
715 1203 789 1262 illst.
801 1199 941 1279 Anglica·
993 1201 1117 1262 Martiae
1143 1199 1262 1262 Probae.
1284 1202 1396 1266 Eadem
1414 1221 1452 1266 ax
1468 1206 1554 1268 Belca
1574 1209 1698 1284 Pitseus,

207 1307 263 1352 nae
279 1309 308 1372 p.
327 1293 366 1354 34
393 1310 491 1356 unum
508 1293 630 1358 Gildam
649 1295 826 1360 historicum
848 1303 880 1356 et
900 1313 939 1358 ex
994 1293 1046 1370 uui
1064 1309 1173 1356 versus
1190 1292 1339 1372 quasdam
1356 1295 1448 1374 hujus
1464 1295 1697 1380 Gildaaralertn

66 1439 75 1454 ,
153 1385 157 1394 '
206 1402 267 1446 uno
281 1392 345 1447 tres
361 1387 508 1450 confictos
525 1391 644 1450 statuit.
993 1384 1032 1446 70
1047 1403 1087 1448 ex
1104 1383 1243 1448 Gallreda
1259 1387 1513 1454 monemuthensi.

246 1479 290 1540 De
310 1479 432 1560 querele
461 1482 641 1557 Comoedia,
671 1483 773 1564 dicere
796 1499 845 1544 me
865 1490 935 1563 past
1029 1479 1060 1542 s.
1078 1478 1217 1542 cluens
1230 1481 1318 1544 Balea
1343 1483 1380 1544 44.
1406 1484 1454 1548 Bi.
1475 1483 1565 1563 hujus
1581 1486 1699 1546 nominis

126 1649 128 1654 ,
203 1572 357 1636 Plautinas
374 1577 497 1636 memini
515 1580 545 1636 in
566 1576 749 1638 Bibliotheca
772 1578 876 1638 Latina
897 1578 931 1638 li·
987 1571 1308 1653 amnemamnem
1326 1575 1543 1638 benchorensis
1559 1579 1587 1638 ia
1602 1575 1717 1657 Angla*

203 1666 257 1730 bro
271 1673 302 1727 et
317 1671 415 1747 eapite
433 1671 550 1747 prime:
571 1687 671 1749 nequa
691 1671 780 1732 eliam
802 1671 839 1732 ab
859 1687 931 1732 cau-
984 1667 1062 1726 44444
1082 1663 1208 1731 444444
1226 1663 1284 1730 8644
1300 1667 1390 1746 444444
1408 1669 1482 1734 44444
1499 1673 1608 1750 44444444
1622 1671 1698 1732 44444

205 1776 271 1821 sam
298 1759 402 1832 Gildaa
432 1769 576 1841 43000340
598 1765 712 1825 auctori
735 1764 823 1826 tribui
847 1763 928 1824 illam
986 1767 1212 1822 memorantur:
1239 1761 1422 1834 Brearerenr
1442 1764 1555 1828 Gildae.
1581 1765 1695 1840 44440044

204 1857 339 1933 potuisse
355 1859 504 1936 suspicer,
532 1875 624 1936 quum
641 1857 722 1936 quad
740 1856 814 1918 liber
835 1855 928 1934 huius
986 1853 1035 1914 vel
1064 1853 1209 1928 Cambrii)
1234 1854 1278 1914 De
1308 1853 1498 1920 0040040444οε
1527 1857 1697 1920 4044000000.

204 1947 242 2010 de
254 1948 371 2012 excidia
383 1953 554 2014 Britanniae
570 1953 661 2016 eiiam
678 1947 756 2012 iiber
777 1948 926 2026 00000400
985 1946 1028 2006 De
1041 1945 1154 2025 primis
1174 1943 1403 2013 habitatoribus.
1419 1951 1463 2012 Da
1480 1966 1548 2029 rese
1564 1949 1695 2012 Artbnre.

204 2043 377 2104 inscribitur
394 2047 424 2106 in
439 2043 623 2124 quibusdam
641 2046 743 2108 listis.
987 2039 1030 2102 De
1045 2038 1202 2120 scpnhhra
1215 2040 1281 2119 0400
1298 2041 1450 2120 incoenata.
1461 2043 1504 2104 De
1517 2059 1693 2123 0000οι00·

239 2137 270 2197 S.
287 2137 428 2199 GlLlth
453 2135 612 2214 Albanius,
629 2155 668 2198 ex
690 2139 782 2217 Regio
808 2140 924 2200 Britan·
979 2129 1049 2195 iaso.
1066 2133 1109 2192 De
1126 2129 1218 2194 milite
1231 2134 1346 2196 400040.
1363 2135 1403 2196 De
1418 2134 1509 2197 milite
1524 2135 1691 2214 Quadrigas.

202 2247 308 2292 aarum
326 2237 497 2306 stemmate,
508 2238 541 2294 04
552 2229 639 2308 ajunt
656 2233 686 2294 S.
702 2234 819 2292 Patricii
834 2232 925 2292 disci-
979 2225 1022 2286 De
1040 2223 1221 2288 Peraeaeiia
1239 2231 1268 2286 et
1282 2226 1445 2292 Lanceiate.
1474 2229 1517 2300 ln
1542 2227 1693 2308 Geiaaena.

201 2323 556 2400 potusustentante
574 2331 605 2384 04
625 2343 716 2404 prope
737 2325 922 2388 Glasioniam
980 2320 1059 2382 Saue
1078 2319 1254 2400 aagendam
1273 2323 1396 2384 minime
1411 2323 1551 2400 videtur,
1571 2340 1588 2384 a
1610 2322 1695 2400 Bada-

201 2416 238 2477 ad
256 2416 313 2480 404
330 2417 464 2478 fluminis
479 2419 575 2496 ripam
603 2417 767 2480 deiunctae
787 2418 845 2480 An.
866 2421 925 2480 bl‘i
983 2414 1051 2473 eico
1069 2412 1230 2476 diversum
1254 2415 1394 2479 extitisse
1419 2416 1535 2480 Gildam
1554 2415 1693 2494 0000430

202 2511 250 2572 004
267 2509 347 2588 apud
365 2511 489 2572 Balaam
506 2513 631 2574 (lentur.
650 2512 663 2573 4
685 2529 751 2590 cap.
771 2511 809 2572 50
832 2511 927 2572 tribu·
978 2504 1141 2584 juniorem,
1159 2509 1210 2585 qui
1225 2508 1345 2570 saccula
1363 2526 1441 2570 noea
1459 2512 1543 2570 vixit.
1570 2511 1694 2588 scripsit-

202 2611 296 2674 uetur
313 2603 528 2666 Commentarii
540 2601 782 2684 440αο904000.
796 2605 926 2666 Lelanda
980 2616 1041 2676 que
1053 2601 1133 2660 circa
1143 2598 1266 2660 Annum
1282 2601 1340 2661 820
1353 2597 1465 2664 iibrnrn
1477 2605 1541 2664 sive
1553 2601 1692 2680 dialogum

201 2700 231 2760 40
248 2696 416 2777 1400090440
433 2697 687 2775 Commentarius,
703 2700 811 2776 (Pitsee
834 2717 861 2777 p.
879 2699 929 2758 93.
982 2688 1022 2752 de.
1036 2695 1181 2770 campulo,
1197 2693 1337 2770 capitulis
1354 2695 1459 2758 XClX.
1477 2698 1590 2759 iiStum
1604 2695 1694 2758 adhuc

203 2789 489 2854 consoranensem
515 2797 649 2872 quatuor
677 2790 861 2871 Evanqeliau
883 2793 926 2854 ῃ,
982 2783 1014 2842 40
1047 2783 1111 2844 444444
1152 2785 1344 2862 Calloniana,
1373 2796 1405 2848 et
1433 2789 1565 2868 dicatum
1584 2788 1694 2852 Babeaa

197 2882 311 2962 primes
329 2882 550 2946 habitatoribus
569 2884 699 2946 inseriae.
721 2878 829 2947 Versus
849 2883 927 2946 aali-
980 2875 1092 2946 4444444
1110 2893 1202 2954 <luem
1220 2874 1353 2956 4444444444
1367 2879 1574 2946 4444444444
1602 2879 1695 2959 4444444·

203 2976 365 3052 ciaienrm,
395 2980 560 3056 incipiunt:
590 2975 750 3040 Orobiern
770 2978 927 3041 Britannos
980 2968 1032 3028 lat.
1053 2969 1187 3046 Epistola
1217 2970 1398 3036 dedicatoria
1414 2973 1535 3051 Gildae,
1563 2973 1638 3036 adita
1658 2971 1694 3034 ab

201 3088 275 3151 qnos
290 3070 375 3150 copia
390 3070 576 3134 nselmum,
599 3073 641 3133 1),
668 3075 761 3134 sewu,
778 3075 805 3148 3)
835 3088 927 3151 aquo.
981 3061 1119 3130 Usseria,
1151 3064 1230 3124 inter
1264 3065 1440 3130 Hibernicas
1460 3069 1527 3149 aJ'us
1558 3067 1695 3146 vigesima

200 3164 450 3240 scendastarman,
464 3167 583 3244 incipit:
600 3165 699 3226 Tertiis
711 3163 809 3228 irrslre
820 3165 924 3240 tenent,
982 3154 1096 3238 4444444,
1109 3155 1229 3218 44444444·
1248 3159 1337 3221 46344·
1355 3161 1382 3222 4·

201 3275 303 3338 quum,
322 3259 423 3337 Super
439 3257 539 3320 eodem
555 3261 649 3322 Samio
677 3275 801 3320 carmen
821 3245 926 3338 aliud,
1022 3245 1238 3312 ¹'SGILDAS
1254 3251 1292 3311 IV
1308 3252 1382 3314 libet
1402 3252 1440 3314 de
1457 3256 1601 3334 Computa
1621 3253 1693 3314 idem

201 3351 290 3428 cujus
301 3353 418 3414 isitium
431 3371 438 3412 :
458 3349 605 3416 camis-ia
618 3352 799 3414 Garmrvas
809 3351 928 3430 Anqlts,
982 3342 1104 3402 omnino
1121 3349 1169 3402 esi
1185 3359 1255 3406 cum
1270 3344 1344 3406 libra
1358 3345 1396 3406 de
1409 3354 1549 3426 compute
1559 3365 1576 3412 a
1586 3347 1694 3408 Balutie

170 3496 175 3504 ,
200 3446 313 3522 noym
328 3442 545 3506 ssimum-um
562 3444 690 3506 historia
708 3463 800 3508 versu
822 3447 923 3506 iseros.
977 3432 1098 3494 lliscell.
1116 3440 1191 3496 tam.
1208 3438 1237 3498 4.
1254 3437 1377 3514 vulgata
1394 3439 1452 3500 sub
1473 3442 1592 3502 nomiae
1608 3439 1695 3500 Baha-

200 3553 254 3598 00:
271 3538 332 3600 lis,
350 3538 380 3598 in
397 3539 575 3600 catoniana
591 3554 656 3616 pag,
669 3537 717 3601 4ο,
734 3537 778 3598 De
794 3536 923 3599 vinnm
978 3529 1008 3587 04
1022 3529 1074 3606 qui
1090 3529 1174 3590 illum
1187 3529 1270 3592 dieat
1286 3533 1412 3594 Macaria
1429 3533 1581 3596 ldenacha.
1599 3533 1694 3594 Ambi-

201 3628 323 3692 Aurelii
347 3627 509 3692 Ambratti.
538 3629 614 3690 Acte
643 3631 697 3694 SS.
729 3630 924 3692 Germanici
976 3638 1069 3700 guum
1087 3628 1135 3682 esi
1160 3623 1269 3700 igitur,
1299 3627 1348 3688 cui
1373 3643 1406 3686 ra
1435 3628 1497 3706 ipsa
1526 3625 1695 3716 tribuendus

205 3723 289 3804 seps
307 3723 436 3788 officula
462 3730 494 3784 er
523 3721 779 3786 commentarium
805 3723 924 3786 histos.
977 3715 1027 3790 sit,
1044 3715 1110 3776 sive
1124 3716 1245 3778 Babaaa
1261 3719 1327 3780 sive
1343 3719 1457 3781 Gildae,
1475 3721 1617 3782 ilistoriaa
1630 3719 1695 3782 Gal·

201 3833 271 3878 eum
289 3815 348 3878 aab
363 3817 540 3894 antiquioris
557 3814 652 3894 hujus
671 3815 775 3878 Gildae
802 3818 922 3878 namins
978 3807 1092 3870 licaeaa
1113 3812 1276 3888 4444444444
1310 3814 1345 3878 44.
1368 3812 1533 3888 Babaoum.
1555 3813 1695 3876 44444444

199 3909 347 3986 laentum
364 3909 462 3988 palam
483 3910 668 3989 imposturae
684 3913 782 3990 arguit
799 3909 924 3988 Polyda-
978 3906 1049 3962 iam·
1068 3901 1116 3964 Vl·
1134 3919 1200 3982 pan
1218 3904 1265 3965 46.
1278 3906 1483 3983 praesumis.

201 4019 254 4064 rus
270 4003 412 4083 Virgilius
429 4003 508 4066 lib.l
530 4003 602 4065 hisi.
615 4003 703 4083 hngl.
722 4007 770 4066 cui
796 4005 922 4066 Vossius
1017 3993 1223 4078 6444444444ὓὸ
1238 3997 1306 4080 aliis
1326 3999 1531 4062 iliLBillNUS
1557 4000 1693 4076 primus,

200 4097 309 4176 diique
324 4098 380 4158 viri
396 4095 476 4158 docti
504 4099 725 4160 assentiuntur.
748 4100 810 4160 Nec
831 4095 924 4175 maia·
978 4085 1081 4150 44444
1097 4089 1129 4148 S·
1148 4089 1276 4150 Victoris
1297 4093 1392 4158 Paris.
1416 4099 1544 4172 scriptor
1562 4092 1625 4154 libri
1643 4090 1697 4152 Or-

201 4207 264 4250 rem
283 4190 374 4255 fidem
390 4198 525 4252 meretur
541 4190 771 4254 CARADOCUS
792 4192 925 4254 400000-
979 4177 1059 4242 (libii
1077 4181 1108 4243 S·
1126 4181 1341 4246 4444444444
1362 4184 1483 4248 Annum
1501 4187 1579 4248 4443
1597 4187 1622 4256 44
1638 4185 1696 4246 444·

200 4279 335 4359 fenensr's
345 4286 396 4362 qui
412 4287 510 4346 vllam
521 4284 625 4346 Gildss
634 4283 750 4346 Athana
766 4284 925 4362 scripsisse
977 4273 1029 4352 jus
1043 4272 1174 4335 Gilduini
1189 4275 1303 4350 abilae,
1319 4286 1398 4338 testa
1413 4280 1523 4356 cangio
1538 4285 1657 4338 nataim
1668 4278 1696 4334 40

112 4398 114 4402 -
204 4373 341 4436 ursellus,
980 4364 1120 4444 ejusdem
1136 4369 1306 4430 nonasterii
1319 4369 1489 4454 licorolagla
1501 4369 1600 4432 illinus
1614 4369 1697 4448 Apri-

243 4464 383 4532 644048
400 4469 606 4547 camaracus,
634 4471 723 4532 Possis
745 4470 925 4546 Britannus,
982 4459 1082 4522 libus:
1100 4461 1150 4523 ubi
1168 4461 1351 4526 Concanum
1371 4461 1529 4542 Ordinem,
1544 4461 1696 4548 qnipeena

984 4551 1155 4634 4404000004,
1172 4573 1336 4635 reparasse
1356 4557 1476 4620 dicitnr.

143 4741 146 4748 .
244 4705 269 4764 a)
282 4707 363 4764 sexta,
377 4707 445 4768 ltere
459 4707 610 4759 illltsrelas.
623 4711 669 4760 444.
681 4707 846 4774 Bibiliadlsl.
858 4722 928 4762 aum.
1024 4713 1050 4773 ι)
1068 4716 1102 4763 lic
1114 4711 1255 4776 arlslnlter
1268 4714 1336 4766 lilius
1349 4719 1467 4776 ordinis,
1480 4715 1578 4766 Gabriel
1591 4720 1702 4766 temat-

183 4779 266 4829 aeta.
288 4777 326 4828 44.
344 4779 417 4829 ilii.
439 4779 480 4830 al.
983 4793 1022 4834 tus
1040 4789 1134 4838 lllrtar.
1154 4790 1304 4841 canonicor.
1322 4791 1430 4854 regular.
1451 4807 1475 4854 0.
1491 4791 1546 4842 aab.
1562 4791 1617 4844 aaa.
