3562 5582
86 119 90 127 ·
218 89 280 152 858
698 109 701 117 ’
804 89 1113 154 'noconius

217 192 369 274 apotolos
380 193 655 272 PetriBIuoscaoio,
670 201 700 257 ct
711 193 790 257 uliae
803 196 941 276 oportue
1039 198 1232 261 HONORIUS
1253 198 1366 277 Gallus,
1382 195 1646 278 oenomaum,
1661 205 1684 263 in

216 302 329 348 omres.
348 288 395 348 Ex
424 289 561 367 liegistro
588 289 708 348 lionorii
738 289 841 368 plures
869 291 941 371 Epi·
994 291 1169 372 Burgundio
1184 289 1349 368 Presbyter
1362 296 1394 350 et
1403 290 1688 368 scholasticus‚cirta

100 415 105 422 -
215 378 313 458 'stolae
339 380 512 441 referuntur
535 380 573 441 ab
595 379 888 460 OdoricoRavnsldo
909 385 940 444 46
995 402 1108 448 arreum
1125 385 1214 446 4366.
1232 382 1474 446 Solitorrietiam
1492 387 1688 465 nominaverit

216 470 394 548 Annalibus,
409 479 441 533 et
457 490 475 534 6
490 475 570 536 Luca
583 474 753 555 Waddingo
771 478 801 536 in
817 473 941 538 Annali·
995 481 1026 540 46
1044 481 1140 540 veteri
1158 477 1266 539 codice
1283 477 1425 540 66666466
1445 478 1557 538 animae
1580 476 1688 538 Ambro

217 565 276 626 bns
291 565 414 628 Ordinis
435 568 593 629 liinorum.
616 570 730 630 Paucae
748 571 838 630 etiam
859 569 941 649 apud
996 573 1098 646 siano,
1119 587 1211 649 quem
1228 571 1360 648 inspexit
1377 567 1561 632 ldabilloninr
1574 586 1633 647 pag.
1649 571 1687 632 ll.

217 657 384 719 Matthenm
400 660 484 720 Paris
500 665 531 720 64
548 662 578 719 46
601 663 693 721 tomis
719 662 939 738 conciliorum,
995 665 1113 726 itineris
1122 664 1216 725 italici
1229 708 1236 733 ,
1251 670 1283 724 et
1296 665 1327 724 in
1337 663 1471 724 Gothano
1482 664 1690 724 commentario-

217 757 249 810 et
264 750 345 830 apud
370 753 549 829 Beronium,
567 753 699 832 plurium
717 772 838 833 quoque
860 757 940 835 apud
996 775 1064 820 rum
1082 759 1112 818 46
1130 758 1271 832 cantica,
1286 755 1324 818 de
1341 773 1401 834 quo
1414 757 1448 817 D.
1466 755 1598 816 Salomon
1611 756 1691 816 Erne-

217 845 363 908 Bzovium
379 853 578 924 argumenta:
604 843 757 926 Epistulae
774 849 809 908 V.
833 848 869 910 ad
895 851 942 910 ili-
997 856 1065 911 stus
1079 849 1250 928 Cyprianus
1272 851 1302 914 io
1327 849 1464 928 catalogo
1485 850 1626 911 usurum
1644 846 1692 908 co

217 955 330 1016 spanos
345 939 425 1020 apud
444 939 616 1018 Aguirrium
633 947 706 1010 tum.
723 943 750 1002 3.
766 942 878 1003 concil.
894 941 943 1004 lli·
997 943 1158 1004 thanorum
1180 960 1246 1022 pag.
1268 943 1336 1004 464.
1358 957 1413 1003 666
1430 957 1509 1014 666,
1530 946 1603 1001 46646
1630 943 1690 1002 licr-

217 1047 306 1110 span.
321 1049 387 1111 pag.
407 1033 474 1092 488.
486 1032 552 1095 Alia
564 1033 602 1094 de
618 1035 769 1096 comitatu
788 1033 943 1096 Flandriae
999 1033 1693 1112 nhardoPenio,inoodlceZwetlenslclavisPhy-

217 1123 297 1203 apud
318 1126 476 1190 Baluzium
496 1132 568 1186 tom.
592 1125 620 1186 7.
642 1127 763 1189 44466644.
785 1143 851 1206 pag.
873 1129 942 1190 264.
998 1131 1078 1190 sicae
1098 1128 1136 1190 de
1156 1130 1274 1190 naturis
1294 1145 1394 1189 rerum
1408 1171 1415 1203 ,
1431 1135 1462 1188 ct
1481 1127 1537 1188 alio
1550 1127 1693 1188 llellicensi

217 1227 249 1278 et
259 1219 338 1278 aliae
354 1224 418 1278 tres
436 1226 508 1278 tom.
527 1220 555 1280 2.
572 1219 836 1298 adllaymundum
851 1223 944 1300 linge
1001 1230 1130 1302 utroque
1152 1223 1220 1284 606.
1242 1237 1389 1284 annorum
1404 1221 1489 1297 libri,
1504 1223 1549 1282 oui
1567 1220 1692 1295 titulum,

135 1327 143 1348 ⁴
216 1314 313 1389 rium,
338 1313 487 1374 Comitem
516 1315 710 1392 lunensem,
736 1332 800 1393 pag.
828 1314 943 1378 26266
1000 1307 1188 1388 inevitabile,
1206 1315 1353 1376 Honorius
1371 1315 1517 1392 imposuit.
1534 1312 1607 1386 Quid
1625 1311 1693 1390 quod

217 1404 423 1483 Amalrioum,
441 1407 593 1468 comitem
609 1407 812 1483 Tolosanum,
830 1425 858 1487 p.
874 1407 942 1470 264.
1001 1407 1111 1470 inclusi
1126 1410 1211 1469 venit
1229 1409 1390 1468 nominoio
1405 1406 1531 1468 editione
1545 1407 1695 1470 Norimber·

218 1506 249 1558 et
265 1497 302 1560 ad
321 1498 505 1562 ludovicum
522 1501 598 1562 Vlll.
615 1502 799 1562 Francorum
811 1501 944 1580 Regem,
999 1504 1084 1582 gensi
1110 1503 1252 1580 imaginis
1271 1500 1371 1566 Mundi
1394 1500 1449 1562 An.
1478 1502 1562 1564 4494.
1587 1501 1694 1578 Effigies

217 1610 247 1670 p.
264 1592 333 1654 266.
346 1593 499 1672 Epistulae
510 1594 592 1656 xix.
606 1593 642 1656 ad
661 1595 758 1670 Reges
775 1593 943 1672 Philippum
999 1593 1067 1674 ejus
1078 1613 1116 1656 ex
1127 1593 1341 1657 Vetericodice
1356 1592 1498 1655 librorum
1509 1595 1555 1654 IV.
1567 1592 1602 1654 de
1614 1592 1696 1653 Phile

217 1692 249 1744 et
286 1684 492 1764 ludovicum,
521 1689 551 1748 46
587 1686 728 1748 Andreae
758 1686 799 1749 du
826 1687 945 1748 chesne
999 1690 1103 1768 sophia
1114 1686 1416 1767 mnndi,praemissa
1428 1689 1523 1749 Diario
1537 1686 1694 1764 Theologico

216 1779 319 1854 script.
334 1795 436 1840 rerum
453 1781 639 1841 Francorum
655 1787 677 1840 t.
693 1781 727 1842 V.
748 1798 777 1860 p.
792 1781 852 1841 854
868 1781 935 1842 864.
998 1782 1175 1842 Germanico
1199 1778 1393 1858 [4466464466
1424 1776 1618 1841 Nochriohtea
1645 1793 1694 1837 coa

258 1870 320 1932 Vll.
342 1871 470 1933 Decreta
486 1881 517 1935 et
530 1872 636 1934 Boibe
654 1873 739 1953 epod
755 1871 943 1936 collectores.
997 1873 1085 1936 Altera
1110 1873 1173 1934 aad
1197 1874 1299 1936 Ncucn
1327 1870 1544 1952 Theoiopisobea
1577 1869 1694 1942 866466,
1761 1895 1763 1956 j

218 1969 253 2022 ut
272 1963 352 2042 apud
376 1964 583 2028 cherubinum
601 1974 674 2028 tom.
696 1965 718 2028 l.
736 1965 858 2028 Bullarii
876 1985 943 2048 pag.
998 1967 1053 2028 An.
1076 1966 1164 2030 4748.
1185 1967 1360 2046 catalogum
1382 1968 1558 2044 scriptorum
1586 1977 1694 2024 suorum

87 2119 92 2126 ,
219 2057 258 2116 96
276 2072 339 2134 seq.
357 2057 408 2119 ubi
432 2060 672 2122 constitutiones
695 2062 770 2122 Vlll.
791 2067 884 2139 etque
900 2063 944 2122 in·
998 2061 1064 2122 sive
1085 2062 1149 2139 ipse
1172 2061 1287 2134 texuit,
1308 2059 1376 2121 sive
1392 2057 1470 2135 qnod
1487 2059 1581 2135 magis
1595 2053 1690 2127 credo,

217 2154 266 2208 ter
279 2150 354 2211 alias
367 2151 503 2230 Diploma
520 2144 763 2214 canonisationis
788 2153 946 2216 Lourcahi
999 2155 1116 2214 amicus
1132 2152 1200 2232 ejus
1213 2153 1343 2228 subjecit
1359 2150 1432 2212 libro
1448 2156 1553 2227 quarto
1569 2148 1605 2210 66
1618 2147 1694 2208 lumi·

216 2239 413 2304 Ilublinensis
424 2261 491 2324 pag.
505 2247 544 2306 96
554 2247 635 2323 quod
648 2252 750 2308 exstat
762 2249 854 2308 etiam
864 2246 944 2326 apud
1000 2245 1123 2308 naribus
1133 2245 1287 2306 Ecclesiae
1296 2246 1393 2323 capite
1403 2244 1506 2304 ultimo
1518 2258 1621 2320 ,quem
1634 2256 1693 2300 cum

217 2335 365 2398 Bzovium
381 2337 419 2398 ad
437 2355 554 2400 annum
572 2340 662 2404 4226.
682 2338 825 2400 curleimi
834 2379 845 2409 ,
862 2341 945 2400 Bitu·
1000 2337 1262 2400 observationibus
1295 2339 1372 2400 meis
1397 2334 1568 2412 subjiciam,
1593 2335 1694 2396 collatis

217 2429 346 2492 ricensis
363 2427 605 2510 Archiepiscopi,
619 2432 699 2512 apud
714 2433 866 2496 Labbeum
883 2440 905 2493 t.
916 2435 944 2494 2.
999 2431 1089 2492 etiam
1107 2434 1231 2510 iisquae
1248 2429 1388 2494 laudatus
1405 2431 1509 2492 Penius
1525 2428 1694 2488 indisserta·

217 2521 419 2596 Bibliothecae
447 2541 543 2586 novae
576 2526 658 2587 mss.
677 2543 743 2606 pag.
766 2527 819 2588 394
842 2533 873 2587 64
889 2528 945 2588 446-
999 2525 1240 2603 tioneisagogica
1261 2523 1299 2584 ad
1323 2531 1437 2584 tomum
1455 2520 1617 2584 secundum
1635 2534 1696 2580 ane

219 2610 306 2692 berti,
322 2615 449 2678 Abbatis
464 2618 673 2680 liolismensis
690 2618 728 2680 id.
747 2626 819 2680 tom.
842 2622 854 2681 4
877 2636 944 2700 pag.
999 2615 1155 2678 odotorum
1175 2614 1292 2678 erudite
1312 2615 1493 2677 observavit.

218 2705 287 2766 647.
301 2709 387 2770 Bulla
398 2708 442 2770 66.
453 2709 653 2772 instituendis
665 2712 820 2774 Monachis
835 2712 947 2774 cister·
1041 2711 1069 2770 4.
1085 2707 1296 2770 cloccarium
1306 2711 1336 2770 in
1348 2709 1443 2770 tribus
1457 2707 1569 2782 libellis,
1579 2709 1695 2768 Pmmum

216 2801 370 2864 aiensibus
385 2805 416 2864 in
437 2799 617 2866 Monasterio
639 2807 804 2866 Levacensi
815 2815 826 2881 ,'
842 2807 873 2865 in
889 2810 945 2868 Ba·
998 2801 1034 2862 de
1058 2802 1205 2878 carisa,
1228 2803 1396 2867 secundum
1424 2800 1459 2864 dc
1483 2800 1630 2872 Ecclesia,
1646 2808 1695 2860 ter-

67 2889 95 2954 ‘.
217 2892 288 2956 luaii
317 2895 484 2974 appendice
515 2897 553 2958 66
591 2899 721 2960 hiarcam
751 2899 944 2978 Hispanicum
998 2897 1074 2956 tium
1090 2893 1126 2956 dc
1135 2895 1245 2977 saturo
1254 2894 1318 2958 oiio
1329 2895 1471 2956 distinxit
1486 2895 1592 2956 Prodiit
1608 2897 1694 2956 Prom-

223 3003 290 3066 4444·
310 2990 398 3052 4405.
722 3039 727 3054 .
997 2991 1128 3052 tuarium
1143 2989 1202 3050 boc
1214 2991 1280 3050 sive
1290 2989 1495 3052 Einoidarium
1510 2990 1564 3050 sub
1575 2985 1695 3050 Anselmi

122 3149 127 3157 ,
257 3081 564 3146 Vilicocremoaialc
574 3082 855 3148 concitusconcitus
864 3084 944 3146 ciebo
997 3083 1118 3144 nomina
1136 3083 1257 3144 Parisiis
1274 3083 1363 3145 4660.
1391 3085 1419 3144 8.
1448 3090 1517 3161 atqe
1544 3084 1619 3143 inter
1643 3078 1696 3139 Aii-

218 3173 394 3236 66666νί4
403 3218 412 3244 ,
428 3183 533 3238 exstet
560 3179 625 3240 648.
639 3181 762 3262 ‚comm
777 3178 809 3238 ia
834 3175 944 3240 1446446-
997 3171 1107 3236 SEthl
1125 3176 1352 3238 cantuariensis
1367 3191 1475 3254 opera,
1494 3182 1528 3236 ut
1542 3173 1603 3236 dixi
1618 3187 1696 3249 snpra

217 3265 301 3328 theco
311 3265 492 3332 Barbaricas.
505 3271 567 3332 Hoc
582 3271 657 3334 illud
675 3275 775 3352 ipsum
792 3278 850 3348 est,
861 3273 942 3351 quod
995 3274 1057 3330 tom
1081 3271 1108 3330 4.
1130 3285 1195 3348 pag.
1213 3269 1283 3331 467.
1301 3270 1358 3332 6444
1375 3268 1588 3330 (iVlBllllTUll
1606 3266 1631 3340 a)
1650 3264 1697 3326 No

217 3359 292 3421 libro
305 3363 460 3426 censuum
479 3362 616 3427 additum
636 3366 730 3428 luisse
748 3365 899 3441 aCencio,
911 3372 943 3426 et
995 3359 1696 3441 4466644666,61664444844444646664664666-

217 3468 235 3511 6
251 3453 549 3520 idabillonioeditum
566 3459 624 3519 iem
643 3475 743 3538 supra.
766 3457 834 3520 339.
855 3457 927 3518 dixi.
996 3471 1062 3516 scm
1078 3456 1274 3520 carmelitam
1288 3456 1345 3535 ,ali
1356 3452 1597 3518 AUGUSTINUll
1610 3455 1696 3531 ipsum

260 3547 312 3607 lx.
330 3545 393 3609 snt
404 3547 468 3626 6666
477 3550 594 3610 nomiae
612 3551 769 3628 reperitur
780 3549 879 3610 ladam
888 3553 944 3612 llo
999 3547 1122 3609 volnera
1134 3555 1295 3610 auctorem.
1308 3551 1382 3612 Huic
1391 3549 1555 3611 Elucidario
1563 3545 1618 3612 An.
1630 3541 1696 3606 4393

216 3657 376 3700 munorum
393 3641 569 3722 Poahlicum
583 3642 615 3702 ia
633 3644 784 3722 Vaticano,
796 3648 944 3705 testeeru
997 3639 1210 3702 cincidas-ium
1232 3640 1405 3726 Blucidorii
1422 3643 1556 3722 opposuit
1571 3637 1697 3700 Nicolaus

216 3731 362 3794 ditissimo
378 3732 473 3794 Biaio.
996 3733 1229 3798 llYllElllcUS.
1247 3735 1321 3798 Vide
1331 3735 1473 3798 iacobum
1488 3735 1588 3807 Qvetii
1598 3739 1663 3792 tom.
1681 3730 1691 3788 i

256 3825 445 3887 liONORIUS
462 3827 510 3888 lV.
526 3834 616 3888 antea
633 3826 766 3890 lacobus
784 3825 941 3903 86664466,
996 3843 1061 3907 pag.
1077 3827 1145 3891 744.
1158 3845 1224 3907 seq.
1238 3830 1412 3892 Versionem
1422 3827 1624 3890 Germanicam
1634 3822 1695 3885 Ein-

213 3921 387 3996 llomanus,
406 3922 484 4000 Papa
501 3921 538 3982 ab
552 3923 633 3982 6666
653 3924 740 3984 4286.
756 3924 851 4001 April.
867 3924 886 3985 2
903 3923 941 3984 66
996 3919 1098 3981 cidarii
1120 3920 1176 3981 An.
1202 3922 1289 3982 4444.
1311 3924 1453 4002 scriptam
1468 3920 1540 3982 vidit
1555 3920 1655 3980 Peaius
1670 3915 1694 3972 io

214 4010 303 4073 4287.
320 4011 415 4092 April.
432 4013 450 4074 3
468 4013 515 4074 Er
530 4012 597 4091 ejus
618 4013 831 4095 Epistoiorum
852 4017 942 4079 Volu-
994 4013 1176 4076 Bibliotheca
1197 4014 1370 4080 blellicensi.

211 4107 312 4181 mine,
334 4105 414 4186 quod
437 4109 466 4167 in
487 4107 630 4170 Vaticana
648 4112 800 4170 asservari
817 4112 937 4170 notavit
1034 4109 1062 4170 2.
1086 4108 1219 4169 Libellus
1241 4108 1276 4171 dc
1293 4112 1404 4174 Soaoto
1419 4108 1537 4184 narro,
1553 4107 1602 4184 qui
1618 4099 1694 4181 suit·

213 4198 382 4262 Lodoviens
399 4201 530 4264 lacobus
549 4219 614 4281 pag.
636 4203 702 4263 443.
716 4219 830 4283 666666
848 4218 940 4280 quae·
995 4200 1057 4262 Iam
1077 4201 1109 4262 S.
1130 4187 1251 4263 Murice
1274 4204 1461 4279 intitulatur,
1478 4201 1618 4278 expositio
1632 4195 1694 4258 alle

212 4292 283 4352 dam
305 4294 446 4373 vulgatae
468 4297 497 4354 in
520 4294 644 4370 Bzovii,
667 4297 771 4374 plures
790 4293 938 4374 haynaldi
992 4296 1091 4374 gorica
1110 4294 1139 4352 in
1154 4288 1694 4367 Canticacontioorum,inambule-

213 4389 245 4442 et
265 4381 426 4466 Waddingi
445 4387 625 4450 Annalibus.
644 4387 689 4448 Ad
707 4390 869 4450 Decretum
886 4387 940 4449 ad-
992 4389 1036 4449 cis
1053 4389 1175 4448 Patrem
1193 4389 1296 4451 colon.
1315 4399 1386 4452 tom.
1405 4391 1460 4452 Xll
1477 4395 1507 4450 et
1524 4383 1611 4464 Lugd.
1628 4391 1691 4442 tom·

212 4491 321 4535 versus
332 4478 638 4562 Pseud-Apostolicos,
652 4482 937 4560 memoratumliay·
991 4483 1049 4543 XX
1068 4495 1133 4558 pag.
1153 4480 1240 4542 4247.
1259 4500 1297 4544 er
1315 4484 1444 4546 editione
1457 4482 1555 4544 colon.
1573 4477 1654 4540 4646.
1668 4475 1691 4532 8.

212 4565 301 4628 naldo
318 4568 355 4630 ad
372 4571 493 4636 Annum
513 4575 601 4638 4286.
618 4591 692 4636 num
735 4575 782 4636 36.
814 4577 937 4655 respicit
1030 4581 1059 4639 5.
1078 4572 1403 4640 DeProcdcstinoh'oac
1420 4567 1692 4638 cilibcroorbitrio,

212 4658 350 4720 Nicolaus
367 4661 417 4722 lV.
435 4667 464 4725 46
482 4668 617 4748 Epistola
630 4712 637 4744 ,
649 4684 741 4746 qnam
754 4667 832 4730 idem
850 4670 937 4731 offert
1551 4709 1558 4724 .
1722 4667 1726 4673 ’

211 4751 385 4830 Raynudus
407 4754 444 4815 dd
466 4775 579 4822 annum
604 4761 692 4824 4290.
716 4779 799 4824 num.
821 4762 869 4825 di.
1032 4781 1058 4843 a)
1075 4783 1188 4832 cirrium
1200 4780 1361 4832 cruditorum
1371 4779 1455 4831 1464466
1466 4784 1532 4827 tomo
1542 4777 1586 4824 xx.
1597 4783 1650 4833 pag.
1661 4767 1696 4817 ³⁰·
