3596 5610
736 107 991 173 absumtis
1194 147 1197 156 ,
1551 101 1612 166 365

114 219 212 278 nicam
230 213 431 294 metaphrasin
445 217 571 279 loanms
588 219 679 280 Pauli.
696 217 767 280 ori.
780 219 833 280 lli·
889 215 1034 296 probasse
1052 226 1125 274 vera
1140 225 1286 289 perquam
1302 207 1490 272 simillimum
1511 207 1610 271 oredo.

112 327 178 370 nor.
200 307 358 387 Argentea
382 309 460 370 lass
482 309 533 370 141.
544 315 576 372 44
590 312 620 370 44
638 309 831 372 4444444444-
889 307 966 382 Quid
982 305 1063 386 quod
1081 303 1212 394 audaces
1228 300 1376 380 quasdam
1387 317 1496 362 manus
1509 301 1538 360 in
1551 316 1614 362 ser-

112 402 229 464 lerioris
240 402 539 464 84444444444444444.
559 404 637 466 4549
656 404 673 464 4
690 401 831 482 Anglieas
888 417 996 468 manes
1013 401 1082 462 eius
1096 399 1251 461 immissas
1261 395 1419 473 quaeritur
1430 396 1538 456 Petrus
1552 395 1614 453 Wi-

112 495 185 554 item
207 493 404 573 belgicaeque
432 501 629 574 praeteream,
650 495 689 557 de
719 495 829 574 quibus
887 493 1021 575 ckgrami
1046 489 1183 554 eiusdem
1201 488 1311 580 Geileri
1335 505 1374 550 ex
1392 503 1493 548 sorore
1520 503 1614 566 nepas

112 585 286 666 Gbristopb.
315 585 539 650 llendreichias
566 588 708 668 pandect.
736 589 832 649 Bran·
887 592 917 651 io
932 578 1061 668 epistola
1082 583 1279 646 sermonibus
1305 583 1372 644 eius
1397 576 1559 660 praefixe?
1583 581 1613 640 in

110 679 200 740 denb.
217 696 248 758 p
261 677 322 739 ras
338 692 403 758 seq.
420 681 463 742 lie
479 681 714 759 llaysersbergio
727 685 829 742 autem
887 697 949 761 qua
967 686 999 741 ot
1017 678 1187 756 catalogum
1203 677 1392 735 sincerarum
1409 689 1533 752 operum
1552 674 1615 736 eiu-

109 769 288 832 ccnsnlendi
309 771 494 837 'tritbemius
515 789 580 852 cap.
603 773 672 836 948.
693 772 732 834 de
749 773 782 834 S.
795 773 829 834 Ε.
889 775 975 836 sdsm
997 771 1130 834 exbibet.
1149 770 1227 832 Sunt
1246 784 1320 826 vera
1336 767 1386 828 illa
1400 786 1413 826 r
1432 764 1615 858 Pereprinus

108 871 142 926 et
161 863 200 924 de
221 865 418 942 scriptoribus
449 866 551 926 Germ.
583 865 738 945 44442147.
761 867 831 928 llei-
890 867 985 928 latine
1006 871 1038 926 et
1062 861 1262 924 Germanice:
1287 859 1391 920 Oratio
1415 857 1616 936 dominicani

108 957 192 1018 clrior
210 955 316 1017 bdami
339 957 368 1016 in
392 958 464 1017 vitis
485 959 704 1037 Tbenlogornm
724 973 790 1038 pag.
807 959 830 1020 ,4
882 959 987 1040 pausia
1004 957 1117 1022 latine:
1136 971 1206 1016 uam
1224 954 1433 1016 Germanicam
1448 952 1611 1014 editionem

108 1065 173 1128 seq.
194 1047 240 1109 la.
262 1049 695 1129 Pantalenprasapagraphiae
711 1051 830 1129 perrea
890 1054 1026 1112 vitiatam
1047 1048 1165 1127 judicat
1186 1047 1400 1124 Wicltgramns
1422 1046 1450 1106 in
1473 1046 1510 1106 iis
1529 1061 1616 1123 prae-

107 1159 176 1221 png.
199 1141 262 1202 tit
288 1145 358 1220 (quo
378 1149 458 1202 teste
479 1140 641 1223 preadicit
658 1141 831 1224 relipr'aaerrr
894 1145 1018 1208 sertim:
1037 1159 1116 1222 quus
1139 1145 1283 1207 mareota
1300 1157 1354 1203 are
1379 1143 1558 1217 manumitti
1583 1136 1616 1197 t'ii

106 1238 293 1314 eormptom,
313 1239 532 1314 caementisque
548 1233 697 1316 quendam
714 1234 831 1298 4144444-
890 1235 1106 1300 emetiendam
1120 1241 1152 1298 et
1166 1234 1350 1296 monasticae
1362 1231 1556 1309 professionis
1570 1232 1615 1290 ri-

106 1323 224 1408 444444
237 1341 304 1388 eum
321 1325 478 1402 instauret,
494 1345 619 1408 eamque
632 1327 712 1390 diem
726 1328 830 1392 uidere
880 1347 948 1392 444.
966 1329 1059 1392 Addit
1077 1343 1168 1390 nosse
1190 1343 1224 1388 se
1252 1325 1405 1386 bominem
1420 1339 1526 1386 sacrae
1547 1339 1616 1403 pro-

104 1419 281 1502 emoplaor'tl
297 1421 477 1485 boissardus
494 1423 602 1484 tamt
619 1423 739 1484 imnum
751 1440 828 1502 pag.
890 1424 1041 1498 lessibnis,
1058 1424 1111 1500 qui
1127 1438 1166 1482 ex
1179 1436 1230 1480 ore
1248 1419 1455 1481 concionantis
1466 1417 1616 1504 quandam

103 1514 177 1576 848
216 1515 349 1590 Dianium
382 1514 596 1594 theologicum
631 1513 830 1594 Uaecdutdr'pe
887 1524 1013 1597 accepta
1030 1517 1095 1578 4444
1116 1513 1283 1594 permultis
1293 1512 1415 1589 ineptiis
1448 1527 1484 1575 aa
1508 1509 1615 1572 delira-

105 1603 442 1669 Nmnneltennmrst
465 1611 647 1689 pag-‚asem
665 1610 717 1672 ubi
736 1613 829 1672 etiam
885 1611 997 1674 mentis
1013 1608 1166 1682 caniarsit,
1188 1613 1220 1667 ct
1236 1605 1379 1672 formavit
1398 1604 1611 1670 involumen,
1658 1669 1660 1681 ,

103 1699 231 1778 effigies,
245 1700 332 1760 ‘sieut
351 1699 431 1779 apud
453 1702 657 1779 boissardum,
679 1710 712 1764 et
726 1704 829 1765 rudior
884 1701 964 1781 quod
984 1701 1185 1782 ,postillarum
1220 1698 1379 1777 Evangelii
1409 1697 1609 1776 lleiserpergii

105 1791 187 1870 apud
209 1793 584 1871 94444444444444444444.
605 1797 720 1858 Omitto
741 1798 828 1859 velut
862 1867 864 1872 ,
885 1795 973 1858 titulo
988 1795 1162 1870 decorarit,
1189 1791 1388 1870 vendiditque
1406 1808 1485 1870 opus
1505 1790 1610 1870 grandi

106 1886 241 1947 notiores
272 1887 491 1963 Passerinum,
524 1891 658 1969 Kasalgii
690 1891 765 1954 sibi.
798 1893 827 1952 in
883 1905 952 1951 aere
969 1887 1164 1968 typographis
1195 1901 1265 1946 max
1292 1884 1508 1962 evulgandum.
1538 1886 1612 1944 Deio

107 1974 238 2055 6444444,
259 1985 292 2040 et
307 1979 490 2040 lo.Gatiridi
507 1980 617 2042 Olearii
630 1981 705 2044 Bibl.
723 1984 828 2045 Eccle-
884 1983 963 2044 inter
985 1983 1102 2042 sincera
1124 1981 1191 2040 eins
1218 1995 1307 2056 opera
1335 1976 1438 2064 laudat
1456 1981 1611 2039 tractatus

103 2071 575 2154 4444444444[1444444544944.
613 2077 756 2156 inprimis
782 2095 829 2138 re·
884 2073 921 2136 rie
937 2071 1127 2153 disparitione
1140 2071 1181 2134 nd
1194 2070 1311 2154 felicem
1326 2077 1473 2144 mortem5
1491 2073 1563 2132 item
1581 2079 1613 2130 et

105 2164 186 2226 44444
204 2163 294 2241 jurat
309 2165 348 2225 ab
365 2167 416 2228 illo
432 2169 564 2246 primum
581 2169 706 2232 collecta
724 2187 828 2234 recen·
884 2166 1055 2230 4444441444
1071 2165 1181 2229 solutis
1193 2183 1263 2228 cum
1282 2183 1360 2226 4444
1379 2162 1545 2245 4444444444,
1559 2179 1613 2228 444

1 2269 2 2346 ᾗ
103 2259 226 2335 8144444
245 2258 477 2322 locem-vidisse
487 2261 611 2323 1444444
623 2263 828 2343 suasoriis,
886 2267 1017 2336 4444444,
1033 2259 1180 2324 paradino
1196 2258 1316 2322 animae
1327 2277 1369 2322 em
1379 2256 1540 2320 Humdertr'
1549 2262 1614 2318 tra-

1 2353 2 2439 4
103 2351 285 2412 cancellarii
308 2353 398 2414 Paris.
420 2368 520 2432 opera,
541 2355 732 2436 Argentorati
751 2361 830 2422 4488
888 2352 1193 2416 ctutudevirtutr'bstn
1210 2352 1386 2416 Germanice
1397 2350 1520 2428 tradita.
1536 2353 1614 2414 llaec

1 2449 2 2454 ’
104 2443 157 2505 141.
179 2443 198 2504 3
216 2444 443 2522 *voluminibus
466 2454 500 2508 ut
520 2447 583 2509 dixi
604 2465 696 2532 supra
714 2460 786 2514 tom.
810 2457 828 2516 3
886 2449 947 2510 iere
964 2451 1065 2510 omnia
1096 2450 1209 2527 accepi-
1227 2465 1266 2510 ex
1288 2447 1327 2508 44.
1353 2441 1518 2508 Lambaker
1539 2445 1613 2506 sibi.

1 2559 2 2576 i
105 2555 139 2617 p.
172 2538 223 2598 ts.
254 2539 298 2598 lle
327 2543 458 2601 coeteris
480 2542 549 2622 ejus
571 2545 830 2614 lucubrationibus
885 2543 952 2606 div.
978 2539 1101 2602 vindob.
1130 2557 1195 2620 pag.
1225 2543 1294 2604 455.
1322 2543 1511 2602 Postremum
1541 2556 1613 2600 vem

1 2635 2 2712 J
103 2645 166 2690 aon
185 2629 281 2692 babeo
297 2647 377 2710 quae
393 2633 501 2695 addam
521 2638 634 2697 notatis
654 2653 672 2700 4
694 2635 828 2700 Gesnern
886 2651 969 2714 opus·
980 2635 1022 2693 lle
1035 2633 1183 2713 paradiso
1199 2633 1319 2698 444444
1334 2634 1412 2695 idem
1427 2641 1476 2698 est
1489 2649 1610 2697 cumea

39 2753 41 2756 ·
104 2723 306 2802 simbronae,
330 2727 493 2788 Passerina
506 2735 537 2789 et
554 2723 587 2790 s.
608 2729 775 2800 Wartbapc
792 2733 829 2794 ad
886 2729 925 2790 de
949 2745 1011 2807 qao
1039 2744 1141 2806 supra.
1160 2729 1324 2790 Sermones
1346 2729 1414 2788 eius
1444 2725 1563 2788 duabus
1583 2729 1613 2805 in

103 2819 263 2880 Caicum:
285 2819 343 2880 nisi
360 2821 428 2896 eius
448 2820 621 2882 4444444444
633 2824 831 2902 4444444444
888 2822 937 2882 441.
955 2821 1132 2882 voluminib.
1151 2819 1519 2899 prodieruatArgentinae
1534 2820 1613 2885 1518

109 2923 258 2990 excusam
279 2927 349 2974 esse
368 2915 503 2994 basileae
533 2916 618 2994 apud
636 2919 828 2996 llerragiarn,
889 2917 978 2978 4549.
1590 2933 1593 2940 ’

108 3009 143 3062 44
159 3003 323 3082 Speculum
335 3006 574 3070 consolationum
592 3011 832 3091 (Praei-Spiepell
931 3009 1224 3072 substilissimus
1255 3010 1321 3070 sive
1346 3007 1498 3084 Garinus,
1523 3008 1615 3070 44444-

107 3111 253 3158 recusum
274 3097 453 3162 Germanice
476 3099 645 3183 mmbnrgi
666 3104 722 3165 An.
746 3105 833 3167 4597.
889 3119 963 3166 scus
989 3102 1025 3166 de
1052 3105 1083 3166 S.
1117 3100 1292 3164 6444444444
1308 3101 1388 3166 ,0444
1417 3101 1525 3165 Praed.
1544 3109 1615 3180 post
1687 3109 1688 3114 ’

109 3195 243 3250 curante
262 3191 294 3250 li.
317 3191 433 3253 Davide
452 3193 603 3255 waldero.
893 3197 1014 3260 Annum
1043 3196 1254 3278 4344444544
1283 3197 1378 3258 vixit:
1401 3211 1471 3256 nam
1498 3194 1563 3264 4444
1582 3197 1613 3256 S.

150 3281 168 3316 ⁴
187 3282 249 3342 Viri
271 3281 418 3362 buius'pii
432 3287 526 3346 vitam
541 3288 836 3370 brevi,campendlo
891 3291 977 3352 Petri
1005 3289 1195 3372 confessoris
1218 3292 1269 3368 qui
1291 3289 1328 3350 A.
1350 3289 1438 3352 tais.
1461 3289 1556 3362 obiit,
1577 3287 1635 3350 444Λ
1712 3341 1718 3354 .

1 3395 2 3412 ¹
114 3373 243 3436 tradidit
258 3377 290 3436 ll.
317 3376 483 3440 Rhenanus
498 3381 615 3458 absque
632 3383 696 3443 loco
711 3391 743 3444 et
759 3391 836 3445 tem-
892 3384 943 3446 iilo
960 3386 1126 3463 composita
1147 3391 1234 3446 extat
1255 3386 1285 3444 in
1308 3383 1393 3446 Actis
1410 3384 1573 3450 Saoterum
1590 3389 1612 3464 t.

109 3485 185 3548 pore
202 3471 358 3532 excusam
371 3471 418 3532 Ex
430 3489 465 3533 en
482 3481 605 3536 auctare
621 3475 767 3540 discimus
783 3497 836 3540 ex·
887 3477 937 3540 iii.
955 3478 1028 3540 14444
1048 3477 1097 3540 19.
1108 3493 1175 3556 pag.
1190 3477 1259 3538 665.
1275 3477 1358 3540 ldem
1377 3478 1509 3554 scriptor
1525 3478 1615 3538 Sum-

107 3561 256 3641 plicatnm
269 3563 307 3624 ab
324 3562 375 3625 illo
392 3567 591 3629 llumbertum
603 3569 641 3630 de
658 3571 833 3654 virtutibus,
888 3587 956 3632 moe
976 3569 1013 3632 de
1031 3564 1181 3650 ememplir
1198 3573 1224 3646 a)
1243 3576 1272 3634 et
1293 3588 1400 3632 rerum
1413 3569 1616 3634 similitudini—

1 3663 2 3668 ’
108 3671 204 3735 quam
217 3656 345 3734 opellam
359 3659 533 3738 propediem
545 3663 746 3744 evulgandam
760 3685 837 3732 nun·
891 3663 968 3741 dur,
991 3666 1075 3726 libris
1096 3667 1134 3726 Χ.
1159 3665 1234 3728 14144
1255 3666 1313 3728 sub
1333 3665 1490 3728 HELVlCl
1514 3667 1617 3728 Tertia

1 3793 2 3834 3
113 3749 185 3810 ciet.
203 3749 282 3810 Tum
301 3749 385 3812 addit
403 3759 509 3816 extare
526 3755 593 3817 eius
609 3757 777 3836 fragmenta
798 3761 835 3823 de
890 3758 952 3820 nini
973 3761 1095 3820 nomine
1117 3759 1226 3822 editae.
1249 3758 1307 3822 Sed
1330 3761 1437 3820 loanni
1460 3759 1617 3826 vindicant

1 4281 2 4312 ἒ
104 4221 245 4293 ventura,
262 4215 343 4294 quad
362 4218 402 4278 ab
419 4219 467 4280 ilio
484 4226 736 4300 praenunciatum
754 4225 833 4286 affir-

1 4373 2 4376 ,
104 4317 169 4370 mat
188 4309 322 4371 loannes
339 4312 473 4374 Pautalia
491 4315 540 4376 bio
557 4317 638 4396 apud
661 4319 830 4382 Fabricium

105 3843 250 3921 passione
279 3843 409 3920 Domini,
438 3847 601 3910 Sermones
617 3852 647 3909 in
664 3856 829 3915 orationem
890 3851 1037 3914 editiones
1050 3855 1211 3916 insecutae.
1220 3852 1615 3922 14444149444994557.

105 3935 304 4012 Damiaicam,
326 3939 483 4017 speculum
506 3942 673 4004 Stultorum
695 3946 832 4025 aliosque
892 3944 983 4004 issi.
1005 3947 1096 4006 Basil.
1119 3947 1207 4008 44944.
1240 3945 1614 4008 benemerentem.

105 4028 225 4090 libellas
236 4032 400 4092 vernacule
415 4035 552 4112 scriptos.
571 4036 614 4096 De
630 4045 772 4117 corrupto
789 4057 835 4102 re-
887 4035 1029 4104 46448
1061 4038 1156 4116 Lugd.
1175 4037 1263 4099 4585.
1285 4037 1387 4100 Goion.
1408 4037 1495 4098 4670.
1516 4035 1546 4098 b.
1566 4037 1616 4098 Vi·

106 4123 226 4200 ligionis
250 4123 339 4186 Statu
356 4141 392 4185 ac
420 4125 459 4187 de
488 4129 690 4190 instauratore
706 4131 831 4210 posthac

929 4285 956 4350 a)
968 4287 1090 4350 Exempla
1103 4293 1128 4338 et
1141 4287 1323 4339 similitudines
1336 4287 1479 4344 offeruntur
1492 4287 1534 4340 lib.
1549 4290 1571 4340 l.
1583 4274 1614 4340 de

128 4404 134 4416 .
160 4404 166 4416 .
237 4404 242 4416 .
442 4409 447 4420 ,
532 4412 537 4422 ,
883 4365 957 4414 coela
975 4367 1001 4414 et
1018 4363 1167 4414 elementis:
1184 4363 1209 4413 4.
1227 4364 1258 4414 64
1273 4363 1382 4420 metallis
1399 4371 1424 4413 et
1441 4363 1576 4427 lapidibus.
1591 4367 1616 4417 5.

104 4401 179 4462 fflhss
191 4401 358 4480 qumquam
372 4414 473 4467 mum·
490 4409 722 4474 81311ΰῦ9ῑὸῐῦθῦ
735 4413 832 4476 Gelli!-
880 4437 912 4488 de
929 4436 1115 4502 vegetabilibus
1132 4446 1157 4488 et
1174 4437 1268 4501 plantis
1283 4440 1307 4488 4.
1325 4440 1357 4490 64
1375 4438 1523 4490 natatilibus
1536 4449 1562 4491 et
1575 4453 1619 4492 rn-

1 4507 2 4536 4
94 4497 832 4580 ,44444444444444444414444444444444444-
880 4512 1002 4564 bertinus
1018 4513 1044 4563 a.
1061 4511 1093 4562 rie
1112 4513 1617 4568 444444444444414444.444444-

1 4745 2 4752 p
103 4684 826 4773 acriterinvectussst.llanoergacorruptionem

106 4596 214 4668 mppog
228 4591 299 4653 operi
312 4595 487 4674 eppopuffin
501 4611 629 4674 quorum
639 4609 829 4680 corruptores
881 4599 913 4638 ne
929 4593 955 4638 44
972 4588 1093 4638 membris
1110 4591 1173 4652 ejus.
1192 4590 1216 4648 7,
1234 4587 1265 4638 de
1282 4590 1428 4677 titionibus
1454 4597 1480 4640 et
1506 4595 1614 4644 tantulis

879 4663 904 4709 ln
924 4663 950 4710 s.
965 4664 1096 4723 scriptura
1113 4663 1208 4712 relatis.
1220 4663 1244 4714 8.
1257 4663 1288 4714 de
1303 4665 1448 4716 canonibus
1461 4667 1614 4729 etlagibus.

1 4761 2 4770 ,
561 4787 567 4798 ,
663 4790 668 4799 Ι
693 4793 698 4802 1
774 4791 779 4803 .
876 4735 901 4786 9.
917 4733 948 4783 dc
964 4735 1106 4786 artificibus
1126 4743 1150 4785 et
1167 4737 1361 4791 artificialibus:
1375 4746 1400 4790 et
1415 4741 1451 4792 44.
1465 4743 1495 4792 de
1508 4744 1609 4794 actibus

1 4845 2 4876 1
105 4793 245 4850 morum,
270 4796 328 4840 uon
357 4779 530 4862 dogmatum
560 4803 589 4846 in
617 4787 757 4866 religione
772 4808 827 4852 rm·
875 4815 900 4860 er
918 4809 1032 4862 moribus
1047 4811 1173 4864 tamenn.

1 4883 2 4910 p
736 4901 739 4908 ,
