3596 5610
260 134 319 194 ³⁷⁹
882 139 1139 204 44444444

252 241 441 305 Armaobani
451 259 556 304 444444
572 244 774 324 quaestiones,
793 245 903 323 quibus
925 248 975 308 ille
1032 247 1121 308 4475.
1142 245 1216 310 Vide
1237 249 1396 312 Christiani
1419 252 1494 312 aad.
1513 254 1619 315 Paulini
1637 247 1717 332 4444-

254 336 362 397 iratres
383 337 594 400 mendicantes
627 346 866 419 oppugnaverat.
898 342 974 404 Vide
1030 341 1075 402 ies
1096 343 1291 405 isenacenses
1310 361 1375 424 pag.
1397 347 1462 407 449.
1478 346 1648 425 Scriptorum
1657 348 1714 425 4444

254 429 417 492 Lelandum
431 445 496 509 cap.
519 432 586 492 ian.
727 449 729 456 ⁴
1030 450 1065 495 ao
1086 441 1279 512 tractatuum,
1300 447 1376 517 quos
1395 440 1464 518 pias
1479 457 1564 518 qnam
1580 447 1714 502 trecentos

293 521 462 586 JOANNES
480 525 570 586 444444.
592 527 689 606 Supra
706 536 779 590 tom.
797 531 823 590 3.
842 547 870 609 p.
885 531 954 592 485.
1032 529 1126 590 lerion
1139 532 1353 608 composuisse,
1366 548 1504 611 magnum
1519 549 1664 594 nnmerum
1677 535 1716 592 vi-

160 613 164 622 '
292 615 461 688 JOANNES
478 616 692 694 iacobinorum
715 623 904 683 Patrierchae
922 624 977 684 La·
1030 620 1102 680 dere
1124 623 1192 684 licet
1212 623 1291 702 apud
1312 625 1504 686 Tritl'remium
1524 641 1584 704 cap.
1603 627 1665 686 843
1684 625 1717 684 44

226 790 231 800 ¹
251 709 305 768 tini
323 707 531 787 Alexandriae,
545 713 679 792 Epistola
693 714 730 775 ad
743 715 913 794 Eugenium
928 717 974 776 lv.
1032 713 1061 772 S.
1084 715 1118 774 E.
1140 723 1172 774 et
1192 714 1229 774 de
1248 718 1353 794 script.
1373 717 1471 777 Germ.
1492 733 1554 796 cap.
1575 719 1627 778 488
1645 735 1719 796 prae

252 803 281 860 in
293 801 511 874 ActisGopcilii
528 806 690 867 Florentini
702 815 786 886 parte
801 810 851 870 111.
866 809 973 870 Labbei
1029 808 1117 884 cipue
1126 807 1207 885 apud
1219 810 1425 884 Passerinum,
1441 815 1472 868 et
1487 809 1663 872 4444444444
1675 813 1719 871 Pe·

252 903 274 954 4.
291 896 371 956 14114.
386 913 414 974 p.
427 897 496 959 tot.
507 899 650 960 lietduini
662 905 685 959 t.
703 901 753 961 lX.
769 917 799 980 p·
821 901 973 962 lilii-etc.
1030 897 1141 974 treium
1159 900 1188 959 in
1203 900 1275 960 14441.
1286 901 1492 962 carthusiana.
1509 902 1642 963 lateritia
1654 911 1715 964 suot

292 988 464 1051 JOANNES
480 989 516 1050 de
529 991 678 1052 lauduno.
691 995 788 1072 Supra
800 991 976 1056 1444444444
1030 992 1059 1050 in
1081 1007 1188 1053 omnes
1205 991 1267 1053 iere
1285 993 1375 1054 libros
1395 995 1419 1053 V
1438 1002 1469 1056 et
1489 995 1558 1055 Novi
1573 997 1645 1056 lest.
1657 1013 1718 1074 qna-

255 1081 411 1158 6444444,
433 1091 465 1144 44
487 1085 659 1148 1041414148
680 1087 777 1149 141441.
1029 1083 1651 1166 4444114144444.444’44444443444444444.
1666 1089 1717 1148 441.

292 1173 466 1238 1041414438
482 1178 518 1238 de
531 1178 642 1240 innuo.
661 1181 757 1260 Supra
775 1181 813 1242 de
831 1181 973 1244 84441418.
1033 1177 1076 1237 De
1092 1181 1224 1257 qnaluar
1243 1176 1380 1240 44444444
1399 1179 1579 1259 sapione.
1599 1177 1719 1259 4444444

255 1277 327 1328 tom.
353 1271 365 1329 4
392 1285 457 1349 pag.
477 1273 544 1333 453.
752 1289 758 1296 ’
1030 1267 1174 1330 4444444444
1185 1271 1294 1351 sponsi
1303 1270 1344 1332 ab
1361 1269 1504 1347 84444444,
1520 1271 1555 1332 da
1570 1271 1721 1347 4444444444,

294 1363 466 1424 40414488
485 1367 517 1426 8.
538 1363 685 1426 ianuarii
696 1411 702 1443 ‚
724 1381 815 1446 supra
846 1368 976 1429 ioannes
1030 1362 1067 1424 de
1083 1369 1228 1445 potestate
1244 1364 1455 1461 Ecclesiastico
1470 1371 1500 1425 44
1512 1364 1719 1426 de'auoton'toie

256 1456 409 1518 Diaconos
426 1475 492 1538 pag.
515 1461 584 1520 358.
1033 1460 1136 1536 Papae
1168 1459 1202 1518 in
1231 1457 1378 1521 Concilio:
1411 1461 1452 1518 444
1480 1459 1611 1518 44444414
1629 1463 1721 1518 conia

292 1550 463 1634 1041414148
480 1555 651 1629 1444414444,
670 1556 843 1628 Bobemus,
866 1559 975 1618 Ductor
1031 1552 1197 1613 4444444444
1229 1553 1285 1613 An.
1308 1551 1394 1614 4467.
1416 1553 1528 1615 corno
1554 1549 1723 1612 4014141434

254 1645 337 1704 luris
353 1646 504 1719 canonici,
526 1646 614 1725 cuins
635 1651 782 1728 scriptum
802 1665 859 1729 pro
875 1647 976 1730 desen·
1032 1646 1239 1718 libanensem
1259 1645 1329 1706 0rd.
1350 1647 1450 1706 144444.
1471 1646 1535 1706 libri
1555 1646 1603 1704 111.
1621 1645 1719 1707 Contra

257 1737 339 1798 sane
349 1737 492 1800 lobannis
509 1741 610 1816 linesi,
629 1741 665 1802 Α.
680 1743 758 1804 tite
774 1745 973 1821 compositum
1031 1737 1244 1817 llapeiiotores.
1268 1739 1381 1800 Contra
1400 1753 1518 1799 4444444
1537 1735 1720 1798 3444444444.

261 1837 364 1890 exstat
383 1835 461 1891 inter
479 1835 566 1893 ilussi
584 1849 673 1914 opera
699 1841 720 1893 4.
746 1838 757 1895 4
785 1851 813 1912 p.
835 1834 976 1898 384333.
1032 1834 1077 1893 144
1094 1831 1246 1894 doctrinis
1257 1831 1424 1913 pereprinic
1439 1830 1582 1893 44444444.
1596 1832 1630 1890 in
1644 1845 1721 1908 rapn-
1782 1899 1783 1920 χ

296 1923 713 1994 40488884414444444444.
728 1925 977 2006 844444444144-
1034 1927 1095 1988 1444
1116 1929 1147 1990 8.
1171 1925 1330 1987 Benedicti.
1360 1925 1402 1986 444
1420 1921 1523 1998 iudice
1540 1927 1638 1984 444444
1664 1939 1720 1983 oon

255 2025 321 2078 otor
343 2017 521 2079 parisiensis
533 2021 613 2080 circa
630 2020 666 2081 Α.
684 2021 763 2082 4360
781 2021 819 2082 de
836 2039 897 2100 quo
911 2022 976 2082 Tri·
1030 2019 1185 2081 4444444444
1194 2017 1361 2100 judicante.
1378 2020 1419 2078 444
1433 2016 1544 2078 visione
1563 2015 1720 2078 4414444444.

257 2109 390 2172 themius
407 2111 547 2189 cap-lii
562 2112 600 2172 de
615 2116 717 2193 script.
738 2113 881 2191 44444444,
896 2121 930 2175 44
943 2115 978 2175 14-
1031 2113 1074 2174 444
1095 2110 1466 2193 Copaitione'fuiurorum.
1486 2111 1527 2170 444
1544 2107 1651 2190 suanis
1662 2125 1722 2188 pro

253 2205 307 2264 bro
323 2201 363 2265 de
380 2206 413 2266 S.
434 2207 472 2268 E:
485 2221 551 2284 cap.
574 2207 641 2266 648.
666 2209 787 2268 Praeter
814 2223 975 2286 44444444,
1026 2206 1125 2286 dipiis.
1150 2209 1191 2266 444
1211 2205 1395 2287 apparitione
1411 2201 1564 2284 oopusdnm
1581 2201 1722 2284 4444444444

256 2298 377 2375 scripsit
393 2313 485 2376 suaper
496 2296 732 2377 puatuorlibros
743 2299 975 2362 Sententtbnono.
1030 2309 1087 2362 etc.
1110 2303 1162 2362 ills
1181 2299 1298 2362 accedit
1318 2297 1482 2362 Cironiooa
1499 2295 1653 2378 triple-ede
1671 2309 1723 2372 qua

295 2388 468 2451 JOANNES
487 2389 524 2449 de
542 2389 634 2450 latoio
649 2392 714 2450 sive
729 2388 893 2466 imolensis,
907 2393 976 2469 4468
1029 2395 1156 2456 Vossius
1176 2411 1242 2472 pag.
1264 2393 1322 2454 588
1342 2391 1381 2451 ab
1399 2391 1477 2452 Orbe
1503 2389 1616 2450 condito
1635 2401 1722 2464 osque

257 2484 301 2544 lle
329 2483 399 2544 iem
416 2481 578 2561 Ugodooigi
596 2500 650 2545 seu
672 2485 820 2547 Nicoleiii.
831 2485 865 2545 V.
879 2487 974 2566 Biogr.
1031 2487 1068 2548 ad
1097 2484 1131 2547 Α.
1158 2487 1193 2547 G.
1221 2485 1293 2547 4474
1324 2482 1450 2544 alteram
1466 2483 1592 2556 brevius,
1613 2481 1723 2540 tertium
1782 2539 1783 2558 p

257 2577 286 2637 di
304 2575 347 2638 111.
359 2575 724 2655 RomagnoiiForlllilii.
737 2579 914 2655 1144441444
925 2579 978 2640 Fa
1031 2582 1245 2642 brevissimum
1278 2577 1394 2655 Operae
1414 2577 1540 2653 pretium
1560 2577 1644 2635 etiarn
1663 2589 1725 2632 con-
1782 2573 1783 2642 ἓ

258 2687 291 2731 44
311 2671 461 2747 Cornelii,
483 2671 577 2732 lctus
599 2673 796 2733 Bononiensis
822 2672 903 2734 84144
930 2689 978 2734 se-
1034 2675 1111 2735 ierre
1125 2672 1285 2734 elenchum
1297 2675 1478 2731 tractatuum
1493 2667 1579 2730 xilv
1590 2668 1724 2728 bistonum

257 2768 306 2826 nis
319 2765 446 2841 auditor,
466 2771 644 2826 bansornon
663 2765 840 2843 infrequens
855 2767 974 2841 Ruricii,
1034 2771 1063 2828 in
1080 2767 1153 2828 8441.
1171 2763 1592 2842 Quodlimburgensi·qaesum
1606 2757 1679 2820 tituli
1698 2761 1724 2817 in
1782 2787 1783 2796 .

255 2857 794 2938 44444444444144444411444144444
812 2867 872 2936 qua
886 2875 978 2939 supra
1034 2863 1138 2922 notitia
1165 2861 1245 2922 illius
1263 2858 1334 2918 Bibl.
1352 2873 1369 2918 4
1386 2856 1419 2916 V.
1440 2855 1471 2918 c.
1489 2853 1575 2915 Tabia
1600 2849 1722 2914 14414444
1781 2911 1782 2934 1

257 2961 329 3013 tom.
353 2956 366 3012 4
392 2951 549 3030 pagii.)
581 2950 743 3013 deiunctae
764 2954 799 3013 Α.
823 2953 901 3014 titt
930 2953 977 3014 48.
1033 2949 1113 3016 edita
1131 2953 1334 3033 pegiiseq.
1781 2955 1782 2970 ¹

258 3045 342 3107 Febr.
365 3051 400 3105 nt
421 3045 467 3104 io.
499 3043 684 3121 Fichardus,
707 3045 772 3106 Vel.
796 3047 978 3120 1144444444,
1073 3046 1243 3108 4044111438
1263 3043 1301 3104 de
1329 3039 1471 3121 Indapins
1486 3041 1582 3102 Abbas
1609 3037 1727 3100 44444141·

258 3137 405 3212 Lobbeas,
426 3138 559 3215 cangius
572 3155 578 3196 :
602 3140 668 3197 sive
685 3137 743 3198 An.
760 3139 838 3200 4436
861 3147 894 3200 ut
916 3140 980 3199 Ta·-
1034 3141 1139 3204 densis
1154 3139 1225 3201 Ord.
1243 3140 1353 3203 144444.
1371 3153 1477 3218 propre
1490 3135 1667 3212 Goeitiogam
1680 3131 1726 3191 de

260 3233 394 3294 themius
415 3247 480 3310 oap.
504 3231 562 3291 764
584 3230 765 3292 8414444444
787 3234 799 3291 4
826 3234 934 3311 imagg.
951 3249 980 3311 p.
1036 3235 1160 3296 iunctus
1176 3235 1211 3296 Α.
1231 3231 1309 3296 4479
1326 3234 1364 3295 44
1380 3249 1440 3313 qao
1454 3231 1501 3309 lo.
1514 3227 1650 3304 Georgius
1662 3227 1726 3284 lan·

258 3329 317 3390 448
336 3325 454 3396 Gnidus
475 3325 659 3386 Panoiroilus
681 3325 706 3385 14
730 3326 769 3385 88
791 3324 910 3402 aliique.
933 3325 980 3386 Ex
1036 3327 1134 3390 41444141
1161 3321 1362 3410 ipenoptnr
1377 3329 1405 3388 in
1431 3320 1650 3401 antiquitatibus
1665 3321 1726 3378 liur-

258 3418 325 3496 ejus
345 3420 466 3496 scriptis
488 3425 607 3496 praeter
627 3433 773 3497 responso
794 3426 826 3478 et
846 3411 981 3479 84444444
1037 3423 1239 3485 stoldenoibns
1256 3425 1334 3501 lips.
1354 3419 1431 3481 4713
1449 3419 1466 3477 4
1482 3431 1546 3496 pag.
1562 3414 1600 3475 22
1612 3429 1671 3490 seq.

258 3517 381 3572 exstent
401 3513 607 3572 commentarii
625 3511 658 3568 in
674 3510 826 3589 liopertum
843 3508 981 3590 infortia-
1077 3505 1726 3591 4048148844444494444444144444144,44-

211 3641 225 3664 4
260 3612 332 3680 nrm,
352 3607 379 3680 a)
395 3619 571 3682 nouumque,
583 3602 614 3662 in
624 3607 687 3664 4444
699 3602 850 3682 primores
866 3611 898 3665 et
914 3620 986 3666 4444
1036 3608 1088 3687 jus
1105 3610 1318 3686 chiromantia,
1336 3603 1560 3685 physiognomia
1577 3607 1661 3678 44444
1677 3597 1726 3657 44-

260 3705 323 3760 mm
340 3693 550 3770 Decretolium,
562 3695 675 3755 librum
690 3702 722 3754 et
733 3695 764 3756 in
775 3694 984 3759 clementinas.
1039 3703 1162 3782 trologia
1170 3703 1324 3782 judiciaria
1338 3705 1438 3761 exstat
1448 3697 1543 3757 dicata
1556 3693 1668 3756 ilberto
1680 3691 1726 3770 44·

259 3793 358 3854 4441444
381 3791 410 3848 in
432 3788 594 3848 Rubrieam
611 3790 710 3866 quarti
725 3788 925 3850 Decretalium
946 3791 984 3852 de
1038 3787 1569 3875 4444444444.1443444144444144414411
1586 3785 1637 3846 44.
1651 3781 1725 3845 teti

212 3931 218 3942 .
260 3883 460 3966 sponsalibus,
477 3898 503 3941 c.
521 3879 983 3962 noetaaouersnemaquem
1078 3888 1249 3954 4041414448
1276 3884 1434 3968 infantiae,
1459 3881 1575 3960 angius
1603 3879 1724 3940 14444444

260 3981 284 4040 34
306 3978 403 4058 placa
425 3974 503 4036 'lde-
1039 3987 1274 4061 Rameseganus,
1291 3981 1406 4042 amicas
1419 3969 1544 4036 ioannis
1557 3968 1667 4033 4414441
1681 3968 1722 4043 qai

297 4069 469 4132 JOANNES
490 4068 611 4149 Hagen>
632 4072 754 4132 nimine
774 4069 811 4131 de
838 4069 983 4150 1444449444
1037 4095 1102 4158 cap.
1115 4078 1184 4140 244.
1197 4093 1266 4137 eum
1283 4072 1384 4135 144444
1396 4067 1559 4147 cognitione
1577 4063 1661 4122 triam
1675 4058 1723 4162 lin

259 4167 367 4240 notior,
381 4158 563 4237 Germanus,
579 4164 745 4226 monachus
759 4165 982 4227 Caribusianus
1036 4186 1163 4249 guarum
1180 4168 1302 4229 dorium
1319 4159 1535 4226 remeantium
1552 4155 1723 4232 Antiquitntu

258 4261 297 4321 ab
318 4259 353 4320 Α.
376 4257 501 4319 441414
520 4257 609 4317 domo
632 4257 742 4319 mo'ntis
759 4259 789 4318 S.
812 4255 980 4318 Salvatoris
1034 4281 1070 4325 rr
1098 4270 1237 4324 verarum
1269 4257 1516 4344 exemplariorum
1542 4247 1721 4326 indagatorem

259 4368 350 4432 prope
378 4347 565 4424 lisiardum,
587 4349 696 4410 deinde
710 4353 792 4410 Prior
808 4363 900 4428 prope
914 4350 978 4410 Ste-
1034 4362 1121 4438 longa
1142 4355 1394 4419 curiosissimum.

259 4445 355 4504 tinum
374 4446 403 4503 in
419 4443 508 4504 domo
527 4443 649 4502 Gratiae
670 4443 745 4514 44441,
767 4449 870 4520 postea
889 4459 979 4522 prope
1075 4449 1248 4514 ,4044444145
1278 4443 1412 4516 Institor,
1435 4435 1642 4502 carthusianus
1660 4433 1724 4491 1444-

262 4535 418 4596 lseoaoum
440 4537 469 4594 in
492 4535 664 4614 Thuringio,
687 4534 738 4595 ubi
759 4533 832 4594 obiit
848 4536 927 4596 circa
944 4535 979 4596 Α.
1036 4545 1201 4606 belmensis
1214 4557 1305 4623 prope
1322 4535 1528 4612 Memmingam
1543 4529 1723 4588 aircaennum

933 4696 938 4708 .
1037 4637 1115 4704 ti37
1131 4635 1220 4700 cu'us
1236 4628 1356 4696 Breuilo
1377 4625 1460 4689 utun
1479 4620 1571 4684 animi
1589 4609 1725 4698 cujuslibet

257 4692 470 4828 tncfgtffiwiffl
486 4702 561 4820 :³5:1²ss
579 4696 984 4826 borlrlfssxqvfnrov’ogfflrzaifxss
1035 4643 1526 4812 retiatortlroformoaoqon,loquo
1536 4713 1640 4818 4444444
1650 4720 1725 4786 quae·

256 4841 356 4891 mlx.
372 4841 530 4903 Digestorum
544 4845 576 4896 44
593 4850 858 4910 quinquagesimum.
1034 4829 1104 4890 dam
1122 4843 1181 4887 non
1193 4813 1412 4884 contemnenda
1425 4812 1481 4874 sub
1494 4809 1680 4883 descriptione
1691 4809 1723 4858 11

429 4941 433 4956 ¹
918 4932 928 4956 4
