3608 5604
204 117 307 182 syme,
328 102 394 162 slve
414 100 555 180 Reperiam
573 101 696 165 Ordinis
717 105 768 167 eui
785 107 926 185 capitulis
983 97 1070 158 Anno
1092 97 1157 159 448.
1180 100 1283 160 Donati
1304 99 1426 162 Candidi
1446 101 1593 164 editionem
1614 106 1668 164 814-

67 225 69 230 ·
200 199 255 258 XX
262 197 322 258 4444.
336 195 541 258 confirmatam
555 214 571 258 a
583 199 708 259 01444140
721 201 753 260 V.
766 199 822 260 An.
838 199 925 262 14404,
983 188 1113 252 mondus
1125 193 1159 253 Α.
1178 193 1263 254 toto.
1283 193 1360 255 unde
1378 213 1478 258 recusa
1493 199 1520 255 in
1536 197 1667 257 sirmondi

201 292 353 368 variisque
379 290 500 367 seriptis
521 289 703 353 declaratam
724 310 741 352 a
766 295 848 372 Lupo
875 294 928 354 de·
983 285 1122 363 operibus
1149 288 1220 346 Tom
1243 289 1261 347 2
1285 305 1348 366 pag.
1370 289 1457 352 1287.
1476 299 1506 350 40
1531 291 1668 351 Gilbertos

203 383 389 458 4004444444.
416 383 572 461 Capitibus
593 382 701 446 deinde
730 387 927 448 4444041411
982 381 1257 456 Bangutnnseans
1286 383 1470 444 4660410
1498 385 1667 463 4444440444

202 477 272 538 Ρ444
291 474 429 550 41414444,
451 477 524 536 Novi
547 479 630 539 Comi
654 479 741 540 4621.
763 481 791 540 8.
810 481 928 541 Praete·
984 473 1057 531 lomi
1090 474 1179 550 primi
1212 477 1388 554 scriptorum
1428 478 1523 540 844441
1557 477 1604 538 144.
1640 477 1669 537 44

205 585 254 628 rea
277 569 435 630 Sermones
455 569 493 630 de
515 576 650 650 tempore
673 579 703 632 et
724 572 762 632 de
789 574 928 648 Sanctis,
983 564 1256 628 Praedestinatione
1271 577 1302 628 et·
1316 571 1423 644 Gratia,
1438 573 1492 633 sub
1507 572 1586 632 titolo
1601 589 1669 630 corn·

201 660 369 723 Sententiae
399 663 526 722 Petrum
547 669 575 724 et
595 663 627 723 in
644 665 769 726 Esaiam
797 665 926 746 Prophe·
984 659 1669 745 400041ῑί0414Ρ18044044,4404641044140404-

202 760 264 816 lnm
285 755 518 816 conmentario.
541 757 615 818 Vide
636 760 836 821 Trithemlum
858 778 927 840 cap,
983 750 1114 814 liuentis.
1133 753 1340 815 Consulendus
1355 757 1669 818 4444444040041144444

203 849 303 909 758et
321 849 381 910 Nic.
400 848 564 912 Antonium
583 853 621 914 x,
639 854 760 914 44444441,
779 856 927 933 Hispanae
984 847 1013 905 14
1034 845 1155 906 04444444
1177 846 1403 925 Gothesehslci,
1426 853 1515 912 Paris.
1537 851 1616 913 1656.
1631 852 1669 910 444.

205 945 239 1006 Τ.
260 946 279 1004 2
302 961 370 1021 pag·
391 944 457 1004 443.
480 961 543 1023 seq.
1025 937 1166 1018 Cepimus
1186 941 1250 1001 xri.
1273 941 1397 1003 Gtroeiiit'
1418 943 1458 1003 11.
1476 944 1507 1004 in
1526 945 1611 1004 Veron
1626 959 1670 1020 pe·

245 1038 369 1098 LUPUS
396 1037 513 1116 Apulus
541 1031 830 1119 mammillarum,
862 1043 928 1102 slve
983 1031 1103 1095 latich.
1122 1035 1191 1094 844.
1213 1033 1325 1111 habiti,
1343 1053 1420 1115 quae
1441 1039 1521 1114 stylo
1541 1055 1590 1098 044
1605 1054 1668 1097 com·

204 1131 372 1211 primipilus
394 1131 594 1194 Palatinarum
614 1134 742 1194 militum
767 1137 850 1214 regni
873 1135 929 1195 Ne-
984 1127 1132 1205 prehensa
1153 1128 1188 1190 ad
1208 1131 1398 1191 Hincmarum
1419 1147 1454 1190 se
1471 1131 1673 1192 direxissescri-

205 1224 345 1300 apolitani
376 1225 497 1302 scripsit
518 1225 685 1288 Chronicon
707 1227 799 1288 breve
827 1234 927 1289 4440444
983 1220 1027 1281 bit
1048 1223 1148 1300 Lupus
1170 1224 1263 1300 Epist.
1287 1225 1334 1284 ts.
1354 1223 1433 1285 edita
1455 1227 1484 1284 in
1506 1224 1588 1283 tomis
1607 1224 1673 1282 Con·

206 1320 235 1379 in
254 1335 345 1394 regno
363 1309 557 1395 Neapolitano
579 1327 732 1398 gestorum
751 1321 788 1382 ab
806 1321 841 1382 Α,
860 1322 928 1382 860,
983 1315 1118 1376 ciliorum
1148 1323 1178 1376 et
1200 1319 1229 1376 in
1251 1317 1397 1392 Sirmondi
1419 1319 1554 1380 Conciliis
1578 1315 1673 1376 Galliae

207 1411 244 1474 ad
263 1411 342 1472 4402
360 1410 439 1488 quod
458 1427 526 1472 cum
545 1411 689 1490 apendice
707 1415 810 1474 incerti
828 1421 930 1476 ancto-
983 1410 1071 1469 Tom·
1084 1411 1112 1470 3.
1125 1427 1193 1491 pag.
1207 1409 1252 1472 17.
1267 1417 1298 1470 et
1311 1409 1388 1489 apud
1401 1413 1535 1492 Carnium
1547 1411 1572 1472 44
1584 1411 1673 1472 Cointe

207 1507 368 1582 risusque
390 1503 426 1564 ad
449 1503 483 1565 Α.
507 1506 597 1567 4549.
611 1521 689 1574 ¹cum
712 1508 930 1568 1180844888-
984 1505 1066 1564 Tom.
1090 1504 1164 1564 Vlll.
1185 1505 1285 1564 annal.
1306 1506 1441 1566 Francos.
1460 1521 1523 1584 pag.
1542 1503 1604 1564 784.

207 1597 257 1662 ΤΟ
284 1605 315 1656 44
338 1597 511 1658 FALGONB
534 1597 627 1660 edidit
647 1598 797 1662 Antonius
824 1603 930 1663 Carac-
1028 1595 1117 1658 Liber
1134 1595 1335 1676 Epistularum
1351 1597 1456 1660 CXXX.
1477 1597 1505 1672 dl
1522 1615 1557 1658 04
1573 1598 1672 1674 Papyrii

207 1690 321 1762 ciclus,
340 1688 460 1768 Neapoi.
480 1691 567 1751 4686.
587 1693 613 1752 4.
637 1692 705 1752 44440
724 1695 851 1754 illustris
865 1696 929 1756 014·
984 1693 1111 1754 11404044
1130 1692 1260 1752 44444044
1275 1693 1367 1751 Paris.
1381 1693 1467 1753 1688.
1482 1694 1512 1751 8.
1524 1698 1554 1750 44
1569 1693 1595 1749 14
1611 1689 1671 1750 Bibi.

207 1785 335 1844 raterius
353 1785 436 1845 Tem.
461 1784 492 1844 V.
515 1785 649 1846 thesauri
672 1789 852 1865 scriptorum
871 1789 931 1850 lta·
986 1788 1107 1846 Petrum
1130 1785 1201 1846 edit.
1222 1786 1323 1846 Goion.
1345 1792 1416 1846 tom.
1439 1787 1487 1847 lX.
1511 1784 1561 1845 sed
1577 1783 1607 1845 ad
1624 1783 1672 1844 tls.

207 1876 285 1943 liae.
313 1876 424 1938 additis
445 1877 561 1939 Camilli
584 1881 732 1958 Peregrini
759 1882 930 1958 castigatio-
983 1878 1121 1942 Codicem
1144 1879 1320 1949 emendata,
1343 1881 1371 1939 in
1394 1879 1529 1941 Andreae
1549 1877 1586 1940 du
1610 1877 1671 1938 Che

209 1971 298 2031 4414444
315 1987 352 2030 04
375 1969 442 2046 ejus
464 1970 604 2032 historiae
628 1973 797 2052 Principum
815 1977 930 2052 Longo·
983 1989 1038 2034 sne
1047 1974 1243 2050 0844414404.
1258 1973 1294 2032 de
1306 1973 1541 2034 rehnsBranoor.
1556 1971 1643 2050 44746.

207 2063 368 2124 haedorum
387 2064 461 2126 libro
476 2067 582 2144 primo.
600 2063 755 2128 0104110444.
774 2066 861 2128 mss.
879 2067 928 2128 444.
1027 2065 1093 2126 Vite
1121 2068 1143 2128 8
1163 2065 1325 2127 4444400444
1343 2067 1478 2144 Episcopi
1500 2063 1668 2126 7444444400

206 2157 315 2218 Exstat
332 2159 423 2218 etiam
443 2160 471 2217 in
494 2161 537 2220 Jo.
559 2160 692 2235 Baptista
714 2161 833 2220 Carnsii
854 2165 926 2218 tom.
985 2157 1020 2219 Α.
1035 2159 1105 2219 839.
1120 2161 1229 2238 scripta
1247 2158 1282 2220 ad
1299 2158 1493 2219 Waidonem:
1512 2157 1668 2218 444414484-

210 2251 450 2321 1.Β114410144044,4
465 2252 605 2314 historiae
623 2254 706 2331 regni
724 2253 859 2328 Siciliae,
875 2255 927 2314 Pa·
982 2255 1026 2312 410
1047 2253 1178 2332 8044441
1201 2251 1253 2312 sed
1274 2255 1384 2312 omissa
1405 2251 1442 2320 ab
1464 2253 1633 2312 4400440040
1648 2255 1665 2306 t

207 2347 302 2404 normi
321 2345 409 2406 1780.
426 2345 474 2405 iol.
493 2353 524 2404 et
547 2348 575 2406 in
597 2353 677 2406 tomo
700 2363 777 2406 4444
794 2347 927 2408 thesauri
981 2345 1009 2406 7.
1036 2346 1122 2425 14441,
1143 2349 1280 2425 quoniam
1302 2347 1466 2423 antiquiora
1489 2345 1564 2408 14440
1588 2347 1622 2407 414
1641 2357 1666 2401 40

208 2439 310 2500 1444440
331 2440 559 2501 Burmanniani.
981 2447 1104 2505 nactum
1130 2439 1278 2518 Anonymi
1302 2439 1611 2500 Sanmaximiensisex
1625 2452 1670 2514 qno

249 2533 395 2600 Servatus
424 2533 543 2594 LUPUS
569 2531 748 2610 Presbyter,
769 2537 801 2593 44
825 2534 863 2596 40
890 2533 924 2594 Α.
982 2521 1084 2612 Lupus
1117 2550 1171 2594 soa
1199 2533 1399 2612 expresserit,
1425 2535 1474 2610 qui
1502 2534 1672 2610 a'scriptore

152 2669 155 2678 .
207 2625 274 2686 838.
302 2627 331 2702 4)
358 2623 459 2686 Abbas
485 2627 654 2704 Monasterii
676 2626 706 2686 S.
737 2627 815 2686 Petri
844 2621 925 2706 qnod
985 2627 1372 2701 4414444404444044141401441,
1394 2627 1509 2686 LUPUS
1528 2622 1672 2704 1444440404

207 2719 382 2779 Bethlehem
404 2720 470 2778 sive
492 2721 641 2780 Ferrarias
662 2719 772 2780 dicitnr
796 2721 825 2780 in
847 2720 928 2781 41404-
982 2721 1158 2799 appellator.
1187 2721 1232 2781 Eu
1255 2718 1552 2796 0440414444041404
1574 2717 1674 2778 (1464-

206 2813 267 2874 4044
290 2812 402 2872 Galliae
424 2813 590 2872 Senonensi
611 2811 682 2872 0441.
703 2813 815 2874 Bened.
834 2813 928 2874 Baha-
983 2814 1045 2876 4040
1074 2814 1206 2874 044440140
1233 2815 1320 2874 444044
1340 2815 1482 2873 4144044140
1501 2812 1536 2872 ad
1563 2812 1628 2872 411.
1651 2825 1675 2867 n.

208 2923 282 2966 num
309 2907 445 2966 04444444
474 2912 696 2982 praeceptorem
719 2923 809 2967 soum
840 2914 928 2967 vocat
986 2901 1675 2980 104444014414404404441444444044494444

206 3000 302 3078 Epist.
326 2999 373 3058 40.
394 3000 446 3075 qui
468 2997 535 3076 ejus
557 2997 655 3060 adhuc
680 3001 800 3060 Biacoui
823 3007 928 3079 rogatu
983 3017 999 3061 a
1032 3002 1113 3078 Lupo
1146 2999 1255 3060 tradita
1287 2999 1405 3078 quidam
1436 2996 1609 3073 scripserint.
1642 2996 1676 3054 Be

206 3093 410 3156 collectarium
435 3092 464 3150 in
486 3091 636 3168 Epistulas
659 3093 740 3154 Pauli
763 3094 841 3153 lecit.
870 3093 929 3153 00
984 3095 1143 3155 4444444440
1159 3093 1207 3153 1444
1224 3092 1381 3154 4414404144
1402 3088 1597 3151 tillemontius
1614 3095 1675 3148 tom.

207 3186 262 3247 bas
291 3189 391 3264 Lupus
415 3183 450 3246 Α.
473 3185 542 3246 863.
564 3187 694 3247 Concilio
716 3188 928 3250 Suessiooensi
984 3185 1014 3246 7.
1037 3189 1246 3246 memoriarum
1266 3202 1333 3264 pag.
1355 3179 1507 3245 247604.
1527 3195 1588 3258 seq.

212 3280 367 3352 interluit,
385 3283 417 3338 et
434 3285 591 3358 superstes
610 3279 712 3341 adhue
731 3282 786 3341 4411
805 3288 873 3360 post
892 3281 926 3343 Α.
1029 3278 1092 3341 Vita
1109 3280 1139 3341 8.
1162 3275 1309 3357 Wipderti
1320 3322 1327 3352 ,
1341 3277 1462 3338 00440444
1478 3271 1674 3334 Fritzlariensis

208 3373 276 3435 861.
305 3381 339 3432 44
365 3389 382 3432 4
403 3373 504 3432 Cavea
525 3372 606 3432 bene
624 3381 773 3435 uiolatum.
804 3375 931 3454 Scripsit
986 3375 1016 3433 iu
1044 3373 1168 3446 Bassia,
1189 3372 1225 3432 ad
1244 3374 1384 3444 Bonum,
1405 3371 1467 3428 sive
1487 3369 1628 3438 Brunum,
1650 3364 1672 3434 0)

209 3467 234 3526 Α
252 3465 320 3526 849.
338 3466 365 3540 0)
386 3461 496 3524 librum
517 3472 547 3525 et
568 3464 778 3528 collectaneum
796 3469 932 3528 testimo-
985 3465 1374 3527 Abbatemlierveidensem
1395 3457 1670 3524 sivellirsieldeusem

213 3561 331 3620 nicrum
352 3562 379 3631 4)
402 3557 437 3618 410
458 3555 555 3618 trihus
576 3559 818 3638 quaestionibus:
839 3562 877 3621 de
898 3562 932 3622 li·
989 3560 1068 3620 edita
1084 3575 1101 3619 a
1117 3559 1231 3617 Joanne
1248 3560 1364 3618 Busaeo
1382 3559 1411 3618 S.
1434 3558 1456 3616 4.
1476 3553 1510 3616 44
1529 3545 1668 3612 444444411-

210 3652 435 3726 004444010410,
450 3650 487 3710 410
503 3647 929 3728 4440640414441044000404444
986 3651 1160 3732 pistoiarum
1183 3650 1330 3710 Binomari
1348 3636 1661 3723 1404404414444404041-

212 3754 244 3806 et
273 3745 440 3817 maiorum,
468 3749 499 3803 et
525 3742 563 3803 de
584 3747 730 3824 sanguiue
751 3748 865 3809 Cliristi
888 3745 932 3808 04-
989 3747 1142 3807 tutionem
1158 3743 1254 3802 Canrli
1272 3744 1309 3802 41.
1330 3740 1496 3820 linguanae
1517 3727 1657 3812 lithini·

212 3841 278 3901 4444
299 3835 352 3918 pro
373 3837 532 3913 omnihus,
557 3846 590 3898 nt
611 3855 717 3912 omnes
739 3841 806 3901 vult
823 3840 923 3900 salvos
987 3839 1055 3899 880.
1078 3837 1195 3914 Scripta
1215 3834 1249 3896 A.
1272 3835 1341 3896 836.

210 3933 326 4006 DEUS,
338 3948 511 4009 quanquam
523 3923 611 4011 culpa
623 3935 740 4012 propria
754 3950 811 4002 non
826 3949 932 3994 omnes
1025 3929 1170 3992 4144441440
1183 3927 1261 3990 duce
1275 3933 1302 3988 in
1321 3930 1512 3989 solennitates
1520 3926 1546 3985 S·
1557 3915 1668 3996 wigber-

211 4027 383 4096 0414404444.
407 4023 508 4086 Edidit
530 4033 598 4102 post
620 4043 757 4088 mancam
780 4027 809 4086 in
832 4027 932 4106 Belgio
987 4028 1029 4100 ti,
1048 4032 1078 4086 et
1096 4022 1197 4104 dymni
1212 4022 1328 4084 1044414440
1349 4023 1462 4102 vulgati
1484 4014 1673 4090 4401444140

253 4227 280 4288 0)
298 4229 422 4276 4404444440
438 4225 469 4274 04
485 4230 533 4276 An.
548 4225 596 4276 868
613 4230 739 4277 4444011.
985 4233 1090 4279 4040440
1105 4227 1226 4287 tepentis
1243 4225 1355 4286 scrlpslt.

258 4301 286 4360 44)
302 4302 446 4363 emebertus
463 4313 517 4364 cop.
536 4299 575 4351 04.
593 4301 624 4351 00
640 4306 664 4352 s.
680 4305 709 4352 41.
1030 4301 1057 4361 d)
1074 4304 1102 4352 ln
1121 4302 1159 4351 010
1176 4299 1228 4348 iss.
1249 4305 1275 4350 04
1293 4297 1348 4348 ist.
1361 4303 1420 4348 0401
1433 4297 1487 4346 14400
1498 4293 1558 4344 duae
1568 4283 1679 4351 4141414100

255 4377 279 4438 4)
296 4376 428 4428 caelestini
445 4379 536 4440 00400.
550 4381 682 4439 Augustini
692 4365 840 4440 0444404444
851 4380 940 4426 141040-
983 4376 1015 4426 00
1034 4368 1149 4426 carolum
1165 4374 1269 4428 Calvum
1297 4379 1322 4422 et
1347 4375 1508 4422 Blncrnarum
1534 4371 1677 4416 0004404060·

212 4454 301 4511 00044,
325 4448 435 4513 0141444441
454 4454 480 4501 ln
497 4452 604 4514 140444,
621 4455 735 4514 04044414
753 4455 851 4514 Papae,
878 4452 937 4503 Bul·
983 4463 1045 4514 quas
1063 4450 1200 4502 4444444040
1220 4448 1251 4498 00
1261 4449 1341 4500 trihus
1354 4445 1539 4511 quaestionem
1548 4433 1674 4492 4444410040ς

210 4528 579 4587 00041104044044040,104444440
606 4529 710 4576 0404044
738 4529 811 4577 som.
837 4527 935 4578 leldori.
981 4525 1135 4588 vulgaverat
1299 4521 1301 4524 ’
1532 4557 1543 4606 p

211 4601 295 4662 1440404.
312 4599 411 4659 sedne,
429 4608 454 4650 et
470 4605 576 4652 4404440
593 4602 720 4651 4344444001
740 4604 794 4651 0140
814 4601 935 4664 Chryses·
1025 4599 1050 4660 0)
1070 4598 1131 4649 vide
1148 4593 1507 4661 000010004060404047.

212 4677 294 4736 toml,
312 4674 412 4724 40104440
429 4676 460 4723 110
479 4688 544 4738 quac
560 4680 586 4726 ln
603 4679 756 4728 matruelem
782 4681 934 4728 sententiam
