3596 5610
225 107 285 169 3i2
426 141 428 146 ·
859 111 1120 176 JOANNES

224 218 339 290 censis,
357 218 438 278 Prior
464 217 620 279 Generalis
641 220 871 283 carmelitarum
896 222 948 282 de·
1002 221 1119 282 decima
1136 228 1241 282 contra
1257 221 1446 301 astrologos:
1468 221 1605 282 44444444
1621 223 1700 286 34444-

227 311 349 372 iunctus
370 313 426 372 rin.
451 311 528 372 4374
544 310 619 391 Ejus
637 315 769 393 scripta:
788 331 879 397 super
898 317 947 376 IV.
1001 314 1142 378 lasticas:
1158 313 1340 376 ordinariae
1354 313 1541 392 0444444444
1553 315 1587 375 de
1601 314 1699 396 4444444

226 401 318 464 libros
348 403 565 466 sententiarum
591 407 843 470 Commentarius.
872 411 948 472 Cou—
1001 417 1033 470 et
1059 410 1298 470 Commentarios
1330 409 1361 470 in
1392 409 1565 488 ,4444444444
1593 411 1703 471 senten

225 497 411 559 stitutiaaum
439 497 563 560 Ordinis
579 500 631 560 rui
650 502 715 562 libri
738 501 808 564 duo.
829 505 948 566 Sermo-
1002 501 1125 562 tiorum.
1144 502 1218 563 Vide
1239 502 1440 582 Waddiugum
1461 521 1488 581 p.
1507 503 1563 564 499
1587 503 1698 563 hairum
1783 507 1785 588 4

226 591 328 652 narde
344 601 479 672 tempore
497 595 580 654 etde
606 595 733 656 Sanctis.
755 598 795 656 Et
815 595 850 658 de
873 595 945 658 bella
1000 597 1025 656 v
1042 597 1080 658 43
1100 614 1117 658 4
1139 596 1279 670 lelando,
1296 604 1327 656 et
1344 597 1474 657 Pitseum
1491 613 1554 674 pag.
1573 595 1626 655 439
1642 612 1699 674 seq.
1784 593 1785 614 ¹

94 737 97 744 .
146 750 152 764 ⁸
223 685 301 766 sorti
324 685 481 749 militantis
508 687 663 750 Ecclesiae
690 688 946 767 et,Auticirrirto,
1001 692 1053 768 qui
1085 707 1153 769 pag.
1176 689 1234 751 443
1255 706 1410 768 perperam
1437 689 1529 749 veluti
1559 687 1697 748 diversam

224 781 289 839 sive
300 778 336 840 de
348 779 519 844 nonnemo
531 781 712 864 temporibus
722 784 946 865 udGregorium
1002 783 1039 844 ab
1052 783 1101 843 illo
1113 784 1205 843 444444
1215 784 1358 843 ioannem
1368 779 1630 859 Brenlauiium‚qui
1641 798 1703 842 can-

224 874 276 934 Xl.
293 873 369 934 Vide
387 875 589 937 Trithemium
607 893 671 956 cap.
690 877 758 938 646.
776 879 837 939 Nic.
855 880 948 939 44444-
1002 884 1047 936 444
1071 879 1280 956 praecationes
1298 875 1520 954 astrologorum
1538 875 1690 952 scripserit.

224 970 307 1029 nium
322 977 396 1030 tom.
422 971 451 1031 9.
476 970 547 1032 ilibl.
570 972 635 1031 Vet.
660 973 808 1050 Hispanae
837 973 945 1052 pili
1044 971 1215 1031 iOhNb'ES
1233 967 1280 1030 -de
1300 967 1420 1030 Baeiiea
1440 971 1503 1028 sive
1523 965 1699 1042 Bariieearit,

223 1067 254 1121 44
280 1060 434 1140 hlegrium
462 1079 528 1142 pag.
555 1065 614 1126 498
643 1065 693 1126 444
722 1065 947 1126 emendandum
1003 1062 1266 1142 augustinianus,
1298 1063 1350 1141 qui
1383 1062 1550 1140 Capitulum
1580 1064 1705 1140 generale

222 1155 302 1234 quod
324 1155 456 1218 traditur
472 1157 582 1218 obiisse
599 1157 656 1220 4444.
674 1157 760 1220 latr.
1002 1157 1176 1220 Basiieense
1195 1156 1349 1217 direxith.
1363 1155 1448 1218 l38l.
1459 1155 1702 1234 tingnislaudibus

261 1247 431 1310 JOANNES
445 1251 628 1329 Bamptoaur
645 1251 771 1331 hnglus,
783 1254 945 1315 carmelita
1001 1253 1124 1312 virtutis
1144 1258 1174 1311 et
1197 1249 1350 1312 doctrinae
1373 1257 1519 1312 mactatur
1538 1267 1554 1310 a
1580 1249 1700 1328 Phiiippo

223 1343 420 1423 Philosophus
436 1351 468 1404 et
492 1345 660 1425 Theologus
687 1347 947 1428 Cantabrigiensis
1002 1345 1103 1406 illasio
1127 1345 1155 1403 in
1183 1345 1395 1406 encomiastioo
1410 1343 1620 1422 Augustiniano
1638 1361 1697 1424 pag.

222 1440 302 1499 circa
320 1438 376 1498 hu.
395 1439 472 1500 4349
487 1438 790 1516 444448444444444444
804 1443 948 1502 Lecturae
1003 1439 1070 1500 349.
1093 1439 1284 1516 Scriptorum
1306 1437 1372 1517 ejus
1388 1438 1502 1498 nullum
1519 1440 1627 1517 reperio
1647 1439 1697 1496 nisi

226 1530 417 1611 incomptae,
435 1538 466 1593 44
485 1534 559 1594 iiber
579 1535 647 1594 sive
667 1535 737 1596 Octo
761 1537 951 1616 quaestiones
1006 1532 1264 1594 Commentarium
1287 1531 1318 1590 in
1338 1536 1468 1612 4444444
1488 1527 1578 1593 iidem
1596 1531 1705 1592 844444·

222 1625 258 1686 de
272 1625 944 1709 Veritataproperitioaummemoranturapud
1006 1623 1130 1684 4444444.

222 1719 353 1782 eundem
377 1721 530 1800 hiegrium
551 1739 617 1801 pag.
639 1723 699 1784 289
717 1739 773 1783 nec
790 1723 875 1804 plura
894 1727 950 1785 Bn·
1044 1719 1216 1782 JOANNES
1241 1717 1375 1781 Basilius
1399 1721 1572 1795 Palaeinus,
1593 1721 1702 1781 Praetor

223 1813 396 1875 leusxao
414 1815 613 1890 anhelando,
633 1834 688 1878 nec
708 1818 826 1879 Pitseus
838 1835 866 1896 p.
882 1819 949 1878 449.
1007 1811 1215 1891 Ariminensis,
1236 1813 1476 1893 cosmographus
1502 1829 1537 1873 ac
1565 1815 1704 1874 iuriscon-

262 1905 461 1970 ΙΙ4044444438
474 1909 614 1990 Baptista
626 1912 701 1972 inira
713 1910 818 1975 40444.
832 1915 862 1972 Β,
877 1913 952 1974 Cae·
1009 1907 1119 1985 sullus,
1132 1907 1232 1969 clarus
1247 1909 1325 1970 circa
1342 1908 1377 1970 Α.
1396 1907 1473 1969 4344
1489 1909 1604 1987 scripsit
1617 1907 1651 1967 de
1660 1905 1679 1988 4’
1692 1941 1703 1951 -

227 2001 376 2083 44444444.
1007 1998 1099 2062 mitiis
1130 1999 1442 2080 remoraminaque
1472 2018 1557 2080 apere
1589 2003 1700 2062 vossius

260 2097 434 2159 JOANNES
451 2095 487 2158 de
509 2097 650 2175 Bardea,
673 2101 750 2162 inira
768 2101 898 2164 44444444
914 2101 949 2164 de
1005 2112 1070 2174 pilg-
1094 2095 1164 2158 798·
1254 2133 1256 2138 v

230 2187 373 2252 Werdea.
1042 2185 1213 2251 ranutius
1234 2188 1383 2266 Basinpus
1400 2190 1425 2266 a)
1453 2191 1516 2249 sive
1535 2185 1570 2248 de
1589 2187 1702 2266 344444-
1784 2263 1785 2266 4

261 2283 432 2348 ioannes
449 2287 603 2348 Barcinis.
620 2289 714 2366 Supra
733 2289 862 2349 4444444
889 2289 948 2349 Ar·
1001 2277 1368 2361 salomoniacarum,
1388 2281 1514 2362 Anglus,
1530 2279 1701 2340 hrohidieco

222 2376 425 2441 ebidiacanur.
1002 2391 1062 2436 uus
1082 2375 1276 2455 Legeriamus
1294 2379 1359 2437 sive
1378 2369 1599 2456 tegreccstria'e,
1619 2373 1700 2433 Grae·

262 2473 434 2536 JOANNES
457 2473 702 2555 Barninplmmue
723 2494 782 2537 non
807 2477 948 2538 diversus
1001 2469 1046 2528 cis
1062 2468 1171 2530 litteris
1188 2485 1310 2549 operam
1328 2469 1410 2530 dedit
1428 2468 1559 2543 Athenis,
1573 2465 1696 2526 eruditus

221 2569 452 2648 4344449444,
475 2567 703 2632 Sudvalciensis
720 2569 851 2650 hngius,
876 2575 947 2656 §ur—
1002 2563 1242 2626 4044444444
1275 2563 1363 2624 nobili
1393 2563 1532 2624 ioemiua:
1560 2561 1699 2638 multaque

222 2662 324 2722 melita
342 2661 444 2724 docuit
457 2663 575 2738 oxonii,
593 2663 734 2744 diemque
748 2665 820 2724 obite
837 2665 947 2745 Grppo.
1002 2656 1072 2717 inde
1092 2657 1274 2736 exemplaria
1299 2656 1412 2716 Graeca
1434 2671 1534 2716 secum
1560 2653 1653 2714 attulit
1672 2653 1698 2711 in

218 2755 345 2818 vicihn.
362 2759 450 2820 4443.
485 2759 612 2836 Scripsit
631 2753 666 2818 de
688 2758 863 2821 enormitate
879 2762 946 2821 sive
1000 2750 1149 2830 angliam,
1167 2752 1246 2809 initi
1263 2748 1319 2812 iiii
1342 2750 1553 2811 Testamentum
1569 2744 1628 2808 W·
1648 2745 1698 2805 ¹²⁰·

218 2847 420 2911 4444444444
437 2851 564 2931 peccati,
581 2852 777 2928 44444444,
798 2855 945 2933 superii
1006 2843 1222 2920 4444444444,
1240 2843 1318 2921 quod
1339 2844 1441 2904 latine
1458 2843 1548 2902 vertit
1567 2841 1698 2902 uomens

217 2944 308 3004 libres
329 2947 578 3020 Sententiarum,
596 2946 795 3018 Quaestiones
815 2948 945 3010 Ordine·
1003 2939 1221 2998 lincolniensis
1238 2939 1414 3017 Episcopus.
1431 2935 1574 2996 Graecam
1589 2949 1696 3013 quoque

217 3056 276 3099 rias
298 3047 328 3099 44
350 3039 460 3100 librum
483 3055 638 3100 sacrarum
657 3043 854 3102 concionum.
872 3041 946 3102 Vide
1000 3031 1238 3092 Grammniifflm
1264 3032 1330 3092 sive
1354 3031 1500 3091 Dnnninni
1520 3029 1696 3096 Graecinum,

218 3133 383 3194 Lelandum
414 3149 480 3212 cap.
507 3133 567 3194 554
589 3141 619 3194 et
641 3135 765 3196 flatuum
795 3137 870 3197 vul,
895 3139 942 3198 44,
1003 3129 1032 3188 44
1052 3127 1255 3188 studiosorum
1281 3141 1355 3187 4444
1371 3122 1522 3185 transtulit
1539 3129 1569 3182 et
1583 3121 1697 3182 Concor·

217 3230 268 3306 qui
286 3227 423 3306 adiungit
437 3228 584 3294 Lecturus
599 3231 841 3310 scripturaram,
857 3237 890 3292 ut
903 3249 940 3293 44
996 3220 1078 3283 dmm
1091 3219 1325 3300 Euanpetiorum
1340 3237 1376 3281 en
1391 3219 1503 3279 Graeco
1517 3217 1610 3277 vertit.
1622 3213 1691 3275 Scri-

217 3321 237 3380 3
258 3337 324 3400 pag.
345 3323 422 3382 4435
439 3327 471 3381 44
493 3321 582 3384 Balce
599 3325 718 3385 Pitseus
735 3343 801 3406 pag.
820 3327 888 3387 640.
996 3319 1056 3397 psit
1077 3321 1235 3396 praeterea
1265 3313 1434 3386 6444444444,
1460 3306 1621 3392 particular
1640 3319 1696 3366 4444

258 3415 429 3476 JOANNES
451 3413 487 3476 de
508 3418 619 3488 Burro,
646 3419 735 3496 cuius
760 3421 888 3499 tragicos
909 3421 943 3482 li·
1000 3409 1163 3470 4444444444
1180 3427 1237 3490 per
1253 3406 1452 3470 4444444444444
1470 3411 1526 3466 etc.
1556 3403 1630 3464 Obiit
1647 3401 1694 3460 lin.

214 3507 284 3566 bros
306 3512 536 3587 superstitiosos
552 3511 732 3572 combustos
748 3513 867 3573 Parisiis
880 3531 942 3574 me·
1009 3503 1097 3564 4454·
1125 3503 1199 3564 Vide
1226 3499 1390 3565 Leinndnln
1408 3517 1434 3562 n·
1452 3501 1510 3563 246
1534 3497 1645 3559 Baleum
1664 3491 1696 3552 li*

220 3607 316 3661 morat
335 3602 468 3663 ioannes
494 3603 612 3662 Gerson
635 3605 664 3662 in
686 3605 814 3684 Trilogio
836 3609 941 3666 Astra
996 3599 1034 3658 45
1052 3599 1186 3658 Pitseum
1205 3613 1271 3676 pag.
1290 3596 1349 3658 345
1363 3595 1421 3656 396
1440 3600 1471 3654 44
1487 3594 1538 3671 qui
1554 3597 1618 3652 ants
1636 3585 1694 3646 illos

218 3695 312 3772 legiae
327 3693 565 3774 Theologizatae,
587 3699 790 3775 propositione
807 3700 846 3760 lV
867 3706 939 3761 tam.
993 3691 1165 3770 diligentius
1194 3691 1231 3751 de
1261 3691 1316 3750 hoo
1341 3690 1471 3766 Basinga
1495 3683 1609 3746 tradidit
1628 3681 1693 3740 4444·

220 3791 232 3850 4
272 3790 348 3868 Opp.
369 3789 440 3849 edit.
464 3805 559 3850 novae
591 3807 656 3870 pag.
680 3793 738 3854 205
759 3791 873 3872 4444444,
898 3796 941 3854 in·
994 3785 1116 3846 thaeum
1135 3783 1269 3845 Parisad
1289 3781 1322 3842 h.
1341 3781 1419 3842 tata
1437 3775 1688 3841 ubttnterritare-

218 3885 293 3960 quit,
316 3883 516 3962 reperiuntur
537 3881 636 3945 4444444
653 3885 684 3946 iu
700 3886 858 3968 1444444444,
881 3885 938 3949 sub
994 3879 1051 3939 lert
1069 3895 1142 3940 eum
1158 3877 1278 3958 4444444
1296 3875 1483 3937 Graecorum
1500 3865 1695 3970 numeraturi

106 4011 112 4026 ·
217 3976 302 4038 titula
318 3977 423 4039 Schera
450 3978 725 4060 Hammpehorarcb
742 3981 755 4058 (
766 3999 870 4043 44444444
886 3983 940 4043 Dei
993 3989 1097 4033 eninm
1110 3971 1247 4034 nniiiinm
1257 3977 1286 4031 ni
1296 3967 1522 4050 tinnilinniinntn
1531 3957 1693 4066 4444944941

217 4063 489 4152 tetraprammaton
498 4077 510 4152 4
534 4067 644 4136 Conier
669 4075 853 4137 celeberrimi
887 4094 938 4136 no·
988 4071 1130 4147 pitinate
1147 4073 1177 4127 44
1190 4059 1396 4146 familiaribus
1413 4059 1477 4122 tuit
1493 4055 1691 4121 mauranus,

218 4167 272 4226 stri
290 4169 335 4226 io.
351 4167 524 4246 christoph.
539 4167 636 4228 Woifii
652 4170 725 4231 Bibl.
739 4170 901 4232 Hebraeum
915 4177 938 4230 t.
988 4178 1047 4240 per
1060 4177 1137 4241 quas
1151 4161 1269 4240 44444444
1286 4157 1379 4218 etiam
1401 4153 1516 4216 litterae
1533 4160 1692 4231 repraesen-

217 4265 289 4320 tem.
312 4262 330 4322 3
353 4277 417 4340 pag.
441 4251 509 4321 tae.
992 4261 1103 4315 4444444.
1120 4256 1162 4314 444
1176 4251 1285 4334 quihus
1305 4249 1414 4331 444444
1436 4247 1486 4308 hoc
1503 4245 1630 4306 4444444444
1647 4234 1691 4299 ad·

259 4353 429 4415 iOhNh'ES
444 4355 568 4416 Barwic
580 4359 646 4417 sive
660 4357 869 4420 Barwicauue.
884 4361 938 4419 Le·
990 4349 1175 4422 mirandum,
1187 4345 1267 4428 quod
1282 4345 1377 4406 44444
1397 4343 1497 4424 lipara
1512 4333 1629 4440 quilibet
1646 4349 1694 4390 444

218 4445 305 4505 lando
326 4463 352 4506 e.
376 4449 444 4508 399.
466 4448 671 4525 meantes,
699 4453 766 4512 aliis
797 4461 946 4533 corrupte·
993 4460 1096 4504 merus
1112 4444 1372 4524 repraesentatur,
1390 4435 1468 4518 quod
1483 4451 1539 4494 noa
1554 4436 1633 4493 44444
1646 4428 1694 4488 44-

220 4536 423 4619 34444444444,
434 4543 500 4604 sive
513 4541 715 4624 Breniaaiiur,
727 4545 852 4626 angius,
866 4545 938 4608 Ord.

216 4632 319 4692 Minor.
339 4632 508 4714 Theologus
524 4637 707 4703 Oxoniensis
721 4641 800 4700 circa
813 4641 936 4702 Annum
1033 4699 1059 4759 ι)
1077 4697 1148 4760 md
1165 4695 1358 4748 „nummum
1376 4707 1433 4760 m·
1449 4692 1504 4742 atr.
1523 4695 1643 4752 mm
1658 4691 1692 4730 w

219 4725 307 4785 ⁴3⁴⁰·
331 4725 459 4806 S⁰iii³⁸i¹⁴
479 4745 571 4810 mim
587 4734 786 4812 447094034ἱωῖς
806 4733 940 4796 ‘mmm'
986 4778 1152 4826 4444444444
1170 4785 1220 4836 quo
1238 4772 1352 4835 distincti
1370 4773 1503 4832 scriptores
1522 4763 1649 4820 Bartnini
1674 4759 1696 4802 ‘¹

216 4831 334 4894 partem,
356 4820 496 4883 laudatus
513 4841 528 4884 a
547 4829 661 4886 44444444
684 4831 749 4888 Pice
772 4830 844 4890 libro
865 4829 937 4890 duo
962 4834 1170 4898 tremimus.
