<?xml version="1.0" encoding="UTF-8"?>
<!DOCTYPE html PUBLIC "-//W3C//DTD XHTML 1.0 Transitional//EN"
    "http://www.w3.org/TR/xhtml1/DTD/xhtml1-transitional.dtd">
<html xmlns="http://www.w3.org/1999/xhtml" xml:lang="en" lang="en">
 <head>
  <title>
</title>
<meta http-equiv="Content-Type" content="text/html;charset=utf-8" />
  <meta name='ocr-system' content='tesseract 3.04.00' />
  <meta name='ocr-capabilities' content='ocr_page ocr_carea ocr_par ocr_line ocrx_word'/>
</head>
<body>
  <div class='ocr_page' id='page_1' title='image "./bibliothecalati00schgoog/bibliothecalati00schgoog_0264.png"; bbox 0 0 3562 5582; ppageno 0'>
   <div class='ocr_carea' id='block_1_1' title="bbox 650 9 1537 100">
    <p class='ocr_par' dir='ltr' id='par_1_1' title="bbox 650 9 1537 100">
     <span class='ocr_line' id='line_1_1' title="bbox 650 9 1537 100; baseline 0.005 -4"><span class='ocrx_word' id='word_1_1' title='bbox 650 35 948 98; x_wconf 79' lang='lat' dir='ltr'><strong><em>suesanus</em></strong></span> <span class='ocrx_word' id='word_1_2' title='bbox 1476 9 1537 100; x_wconf 81' lang='lat' dir='ltr'><strong><em>aas</em></strong></span> 
     </span>
    </p>
   </div>
   <div class='ocr_carea' id='block_1_2' title="bbox 6 137 1683 4044">
    <p class='ocr_par' dir='ltr' id='par_1_2' title="bbox 6 137 1683 4044">
     <span class='ocr_line' id='line_1_2' title="bbox 73 137 1538 222; baseline 0.001 -20"><span class='ocrx_word' id='word_1_3' title='bbox 73 139 387 222; x_wconf 58' lang='lat' dir='ltr'><strong><em>armamentorum</em></strong></span> <span class='ocrx_word' id='word_1_4' title='bbox 418 137 462 200; x_wconf 90' lang='lat' dir='ltr'><strong><em>ita</em></strong></span> <span class='ocrx_word' id='word_1_5' title='bbox 486 137 660 220; x_wconf 73' lang='lat' dir='ltr'><strong><em>consumm,</em></strong></span> <span class='ocrx_word' id='word_1_6' title='bbox 687 137 767 218; x_wconf 86' lang='lat' dir='ltr'><strong><em>pund</em></strong></span> <span class='ocrx_word' id='word_1_7' title='bbox 820 156 925 208; x_wconf 89' lang='lat' dir='ltr'><strong><em>eorum</em></strong></span> <span class='ocrx_word' id='word_1_8' title='bbox 941 137 979 200; x_wconf 92' lang='lat' dir='ltr'><strong><em>ad</em></strong></span> <span class='ocrx_word' id='word_1_9' title='bbox 997 138 1185 200; x_wconf 76' lang='lat' dir='ltr'><strong><em>ludovicum</em></strong></span> <span class='ocrx_word' id='word_1_10' title='bbox 1202 137 1383 219; x_wconf 82' lang='lat' dir='ltr'><strong>Episcopum</strong></span> <span class='ocrx_word' id='word_1_11' title='bbox 1397 141 1538 204; x_wconf 86' lang='lat' dir='ltr'><strong><em>Leodien-</em></strong></span> 
     </span>
     <span class='ocr_line' id='line_1_3' title="bbox 69 229 1536 324; baseline -0.001 -26"><span class='ocrx_word' id='word_1_12' title='bbox 69 234 286 324; x_wconf 73' lang='lat' dir='ltr'><strong><em>particulariter</em></strong></span> <span class='ocrx_word' id='word_1_13' title='bbox 302 229 460 314; x_wconf 82' lang='lat' dir='ltr'><strong><em>difficiliter</em></strong></span> <span class='ocrx_word' id='word_1_14' title='bbox 476 229 682 310; x_wconf 80' lang='grc'><strong>4444944444...</strong></span> <span class='ocrx_word' id='word_1_15' title='bbox 696 231 768 292; x_wconf 87' lang='grc'><strong>...14</strong></span> <span class='ocrx_word' id='word_1_16' title='bbox 820 248 896 305; x_wconf 88' lang='lat' dir='ltr'><strong><em>sem,</em></strong></span> <span class='ocrx_word' id='word_1_17' title='bbox 912 237 1065 310; x_wconf 85' lang='lat' dir='ltr'><strong><em>praeterea</em></strong></span> <span class='ocrx_word' id='word_1_18' title='bbox 1080 234 1235 294; x_wconf 77' lang='grc'><strong>8444444444</strong></span> <span class='ocrx_word' id='word_1_19' title='bbox 1242 231 1536 314; x_wconf 78' lang='lat' dir='ltr'><strong><em>,Qttadrupesimaln</em></strong></span> 
     </span>
     <span class='ocr_line' id='line_1_4' title="bbox 72 321 1539 408; baseline -0.004 -14"><span class='ocrx_word' id='word_1_20' title='bbox 72 333 102 394; x_wconf 86' lang='lat' dir='ltr'><strong><em>de</em></strong></span> <span class='ocrx_word' id='word_1_21' title='bbox 118 332 177 392; x_wconf 86' lang='grc'><strong><em>044</em></strong></span> <span class='ocrx_word' id='word_1_22' title='bbox 206 325 374 408; x_wconf 76' lang='lat' dir='ltr'><strong><em>reformare</em></strong></span> <span class='ocrx_word' id='word_1_23' title='bbox 393 323 494 386; x_wconf 83' lang='grc'><strong>444444</strong></span> <span class='ocrx_word' id='word_1_24' title='bbox 515 321 647 386; x_wconf 86' lang='lat' dir='ltr'><strong><em>libellum</em></strong></span> <span class='ocrx_word' id='word_1_25' title='bbox 668 321 770 386; x_wconf 84' lang='lat' dir='ltr'><strong><em>ilberti</em></strong></span> <span class='ocrx_word' id='word_1_26' title='bbox 820 325 920 386; x_wconf 87' lang='lat' dir='ltr'><strong><em>Etiam</em></strong></span> <span class='ocrx_word' id='word_1_27' title='bbox 936 324 1026 386; x_wconf 82' lang='lat' dir='ltr'><strong><em>inli&#39;.</em></strong></span> <span class='ocrx_word' id='word_1_28' title='bbox 1040 322 1133 386; x_wconf 87' lang='lat' dir='ltr'><strong><em>libros</em></strong></span> <span class='ocrx_word' id='word_1_29' title='bbox 1146 324 1369 386; x_wconf 75' lang='lat' dir='ltr'><strong><em>Sententiarum</em></strong></span> <span class='ocrx_word' id='word_1_30' title='bbox 1382 329 1539 408; x_wconf 80' lang='lat' dir='ltr'>scripsisse</span> 
     </span>
     <span class='ocr_line' id='line_1_5' title="bbox 71 415 1120 500; baseline -0.01 -12"><span class='ocrx_word' id='word_1_31' title='bbox 71 419 206 488; x_wconf 82' lang='lat' dir='ltr'><strong><em>deltobio</em></strong></span> <span class='ocrx_word' id='word_1_32' title='bbox 231 417 408 500; x_wconf 77' lang='lat' dir='ltr'><strong><em>confusum,</em></strong></span> <span class='ocrx_word' id='word_1_33' title='bbox 428 423 464 480; x_wconf 88' lang='lat' dir='ltr'><strong><em>ut</em></strong></span> <span class='ocrx_word' id='word_1_34' title='bbox 481 416 569 498; x_wconf 82' lang='grc'><strong>444444,</strong></span> <span class='ocrx_word' id='word_1_35' title='bbox 590 415 675 480; x_wconf 91' lang='lat' dir='ltr'><strong><em>illum</em></strong></span> <span class='ocrx_word' id='word_1_36' title='bbox 704 433 770 478; x_wconf 91' lang='lat' dir='ltr'><strong><em>om·</em></strong></span> <span class='ocrx_word' id='word_1_37' title='bbox 822 415 906 478; x_wconf 80' lang='lat' dir='ltr'>addit</span> <span class='ocrx_word' id='word_1_38' title='bbox 928 418 1120 480; x_wconf 80' lang='lat' dir='ltr'><strong><em>Passerinus.</em></strong></span> 
     </span>
     <span class='ocr_line' id='line_1_6' title="bbox 67 463 1540 600; baseline -0.002 -21"><span class='ocrx_word' id='word_1_39' title='bbox 67 517 165 600; x_wconf 88' lang='lat' dir='ltr'><strong><em>plicuit</em></strong></span> <span class='ocrx_word' id='word_1_40' title='bbox 183 507 332 574; x_wconf 76' lang='lat' dir='ltr'><strong><em>ordinant</em></strong></span> <span class='ocrx_word' id='word_1_41' title='bbox 352 518 382 574; x_wconf 86' lang='lat' dir='ltr'><strong><em>et</em></strong></span> <span class='ocrx_word' id='word_1_42' title='bbox 401 510 432 571; x_wconf 91' lang='lat' dir='ltr'><strong><em>in</em></strong></span> <span class='ocrx_word' id='word_1_43' title='bbox 451 463 569 589; x_wconf 85' lang='lat' dir='ltr'><strong><em>septem</em></strong></span> <span class='ocrx_word' id='word_1_44' title='bbox 583 507 675 571; x_wconf 87' lang='lat' dir='ltr'><strong><em>libras</em></strong></span> <span class='ocrx_word' id='word_1_45' title='bbox 693 508 770 572; x_wconf 85' lang='lat' dir='ltr'><strong><em>dini·</em></strong></span> <span class='ocrx_word' id='word_1_46' title='bbox 862 511 1002 594; x_wconf 74' lang='lat' dir='ltr'><strong><em>Magister</em></strong></span> <span class='ocrx_word' id='word_1_47' title='bbox 1022 511 1236 574; x_wconf 83' lang='lat' dir='ltr'><strong><em>HUBERTUS.</em></strong></span> <span class='ocrx_word' id='word_1_48' title='bbox 1261 514 1326 574; x_wconf 89' lang='lat' dir='ltr'><strong><em>sive</em></strong></span> <span class='ocrx_word' id='word_1_49' title='bbox 1357 509 1540 576; x_wconf 85' lang='lat' dir='ltr'><strong><em>Humbertus</em></strong></span> 
     </span>
     <span class='ocr_line' id='line_1_7' title="bbox 69 601 1539 685; baseline -0.004 -11"><span class='ocrx_word' id='word_1_50' title='bbox 69 611 121 682; x_wconf 89' lang='lat' dir='ltr'><strong><em>sit,</em></strong></span> <span class='ocrx_word' id='word_1_51' title='bbox 139 612 167 670; x_wconf 87' lang='lat' dir='ltr'><strong><em>et</em></strong></span> <span class='ocrx_word' id='word_1_52' title='bbox 185 606 232 668; x_wconf 91' lang='lat' dir='ltr'><strong><em>illi</em></strong></span> <span class='ocrx_word' id='word_1_53' title='bbox 255 622 360 666; x_wconf 91' lang='lat' dir='ltr'><strong><em>namen</em></strong></span> <span class='ocrx_word' id='word_1_54' title='bbox 376 601 593 666; x_wconf 80' lang='lat' dir='ltr'><strong><em>mrttuuonen</em></strong></span> <span class='ocrx_word' id='word_1_55' title='bbox 614 603 769 685; x_wconf 75' lang='lat' dir='ltr'><strong><em>imposuit,</em></strong></span> <span class='ocrx_word' id='word_1_56' title='bbox 823 603 860 666; x_wconf 88' lang='lat' dir='ltr'><strong><em>de</em></strong></span> <span class='ocrx_word' id='word_1_57' title='bbox 872 603 1539 682; x_wconf 80' lang='lat' dir='ltr'><strong><em>Rnntunis,llmbertus,lmbertus0rd.l’rasd.</em></strong></span> 
     </span>
     <span class='ocr_line' id='line_1_8' title="bbox 72 696 1540 782; baseline -0.003 -17"><span class='ocrx_word' id='word_1_58' title='bbox 72 711 95 766; x_wconf 90' lang='lat' dir='ltr'><strong><em>et</em></strong></span> <span class='ocrx_word' id='word_1_59' title='bbox 118 699 217 782; x_wconf 72' lang='grc'><strong>4444444</strong></span> <span class='ocrx_word' id='word_1_60' title='bbox 246 697 355 760; x_wconf 82' lang='lat' dir='ltr'><strong><em>barura</em></strong></span> <span class='ocrx_word' id='word_1_61' title='bbox 380 714 513 762; x_wconf 86' lang='grc'><strong>44444444</strong></span> <span class='ocrx_word' id='word_1_62' title='bbox 540 696 702 760; x_wconf 75' lang='lat' dir='ltr'><strong><em>Trinitatis.</em></strong></span> <span class='ocrx_word' id='word_1_63' title='bbox 723 697 772 757; x_wconf 88' lang='lat' dir='ltr'><strong><em>ln·</em></strong></span> <span class='ocrx_word' id='word_1_64' title='bbox 824 700 984 778; x_wconf 82' lang='lat' dir='ltr'><strong><em>Magister,</em></strong></span> <span class='ocrx_word' id='word_1_65' title='bbox 1001 698 1163 762; x_wconf 80' lang='lat' dir='ltr'><strong><em>defunctus</em></strong></span> <span class='ocrx_word' id='word_1_66' title='bbox 1180 697 1237 762; x_wconf 82' lang='grc'><strong>444.</strong></span> <span class='ocrx_word' id='word_1_67' title='bbox 1255 699 1343 761; x_wconf 79' lang='lat' dir='ltr'><strong><em>tam.</em></strong></span> <span class='ocrx_word' id='word_1_68' title='bbox 1360 701 1403 761; x_wconf 87' lang='grc'><strong><em>144</em></strong></span> <span class='ocrx_word' id='word_1_69' title='bbox 1418 717 1453 762; x_wconf 87' lang='grc'><strong><em>44</em></strong></span> <span class='ocrx_word' id='word_1_70' title='bbox 1466 700 1540 762; x_wconf 85' lang='lat' dir='ltr'><strong><em>haec</em></strong></span> 
     </span>
     <span class='ocr_line' id='line_1_9' title="bbox 71 788 1538 869; baseline -0.002 -12"><span class='ocrx_word' id='word_1_71' title='bbox 71 796 147 858; x_wconf 85' lang='lat' dir='ltr'><strong><em>eluat</em></strong></span> <span class='ocrx_word' id='word_1_72' title='bbox 164 796 284 869; x_wconf 82' lang='grc'><strong>444444,</strong></span> <span class='ocrx_word' id='word_1_73' title='bbox 301 791 379 855; x_wconf 77' lang='lat' dir='ltr'><strong><em>aaut</em></strong></span> <span class='ocrx_word' id='word_1_74' title='bbox 394 789 520 854; x_wconf 73' lang='lat' dir='ltr'><strong><em>ilbertus</em></strong></span> <span class='ocrx_word' id='word_1_75' title='bbox 540 788 580 852; x_wconf 92' lang='lat' dir='ltr'><strong><em>ab</em></strong></span> <span class='ocrx_word' id='word_1_76' title='bbox 600 789 768 868; x_wconf 84' lang='lat' dir='ltr'><strong><em>Aduonntis,</em></strong></span> <span class='ocrx_word' id='word_1_77' title='bbox 826 791 999 854; x_wconf 81' lang='lat' dir='ltr'><strong><em>Antoninus</em></strong></span> <span class='ocrx_word' id='word_1_78' title='bbox 1020 792 1216 854; x_wconf 89' lang='lat' dir='ltr'><strong><em>Florentinus</em></strong></span> <span class='ocrx_word' id='word_1_79' title='bbox 1236 808 1374 854; x_wconf 88' lang='lat' dir='ltr'><strong><em>summae</em></strong></span> <span class='ocrx_word' id='word_1_80' title='bbox 1395 793 1466 854; x_wconf 93' lang='lat' dir='ltr'><strong><em>hist.</em></strong></span> <span class='ocrx_word' id='word_1_81' title='bbox 1492 796 1538 854; x_wconf 89' lang='lat' dir='ltr'><strong><em>tit.</em></strong></span> 
     </span>
     <span class='ocr_line' id='line_1_10' title="bbox 71 881 1657 967; baseline -0.003 -17"><span class='ocrx_word' id='word_1_82' title='bbox 71 883 226 967; x_wconf 77' lang='lat' dir='ltr'><strong><em>inquibus</em></strong></span> <span class='ocrx_word' id='word_1_83' title='bbox 247 888 293 945; x_wconf 90' lang='lat' dir='ltr'><strong><em>est</em></strong></span> <span class='ocrx_word' id='word_1_84' title='bbox 312 889 391 948; x_wconf 85' lang='lat' dir='ltr'><strong><em>totns</em></strong></span> <span class='ocrx_word' id='word_1_85' title='bbox 407 884 528 964; x_wconf 88' lang='lat' dir='ltr'><strong><em>primus</em></strong></span> <span class='ocrx_word' id='word_1_86' title='bbox 549 881 625 946; x_wconf 89' lang='lat' dir='ltr'><strong><em>liber</em></strong></span> <span class='ocrx_word' id='word_1_87' title='bbox 646 890 698 946; x_wconf 87' lang='lat' dir='ltr'><strong><em>etc.</em></strong></span> <span class='ocrx_word' id='word_1_88' title='bbox 825 885 1106 962; x_wconf 73' lang='lat' dir='ltr'><strong><em>saraptana.</em></strong></span> <span class='ocrx_word' id='word_1_89' title='bbox 1128 901 1194 964; x_wconf 86' lang='lat' dir='ltr'><strong><em>pag.</em></strong></span> <span class='ocrx_word' id='word_1_90' title='bbox 1217 887 1285 946; x_wconf 86' lang='grc'><strong>084.</strong></span> <span class='ocrx_word' id='word_1_91' title='bbox 1308 885 1543 966; x_wconf 69' lang='grc' dir='ltr'><strong>0444444144ςὶ-</strong></span> <span class='ocrx_word' id='word_1_92' title='bbox 1652 901 1657 910; x_wconf 76' lang='grc'>’</span> 
     </span>
     <span class='ocr_line' id='line_1_11' title="bbox 102 974 1544 1060; baseline -0.001 -18"><span class='ocrx_word' id='word_1_93' title='bbox 102 979 295 1042; x_wconf 76' lang='lat' dir='ltr'><strong><em>nuntiatus</em></strong></span> <span class='ocrx_word' id='word_1_94' title='bbox 307 975 343 1038; x_wconf 84' lang='lat' dir='ltr'><strong><em>de</em></strong></span> <span class='ocrx_word' id='word_1_95' title='bbox 355 979 529 1038; x_wconf 85' lang='lat' dir='ltr'><strong><em>Bnnacurso</em></strong></span> <span class='ocrx_word' id='word_1_96' title='bbox 547 979 611 1036; x_wconf 84' lang='lat' dir='ltr'><strong><em>sive</em></strong></span> <span class='ocrx_word' id='word_1_97' title='bbox 626 979 774 1038; x_wconf 86' lang='grc'><strong>144444444-</strong></span> <span class='ocrx_word' id='word_1_98' title='bbox 826 984 889 1037; x_wconf 84' lang='grc'><strong>4444</strong></span> <span class='ocrx_word' id='word_1_99' title='bbox 907 974 966 1056; x_wconf 82' lang='lat' dir='ltr'><strong><em>suit</em></strong></span> <span class='ocrx_word' id='word_1_100' title='bbox 983 974 1084 1056; x_wconf 78' lang='lat' dir='ltr'><strong><em>frater</em></strong></span> <span class='ocrx_word' id='word_1_101' title='bbox 1101 976 1277 1060; x_wconf 76' lang='lat' dir='ltr'><strong><em>liebertus,</em></strong></span> <span class='ocrx_word' id='word_1_102' title='bbox 1298 976 1442 1042; x_wconf 85' lang='lat' dir='ltr'><strong><em>dioecesis</em></strong></span> <span class='ocrx_word' id='word_1_103' title='bbox 1462 979 1544 1042; x_wconf 88' lang='lat' dir='ltr'><strong><em>Vien-</em></strong></span> 
     </span>
     <span class='ocr_line' id='line_1_12' title="bbox 70 1069 1541 1152; baseline 0.001 -18"><span class='ocrx_word' id='word_1_104' title='bbox 70 1077 125 1136; x_wconf 89' lang='lat' dir='ltr'><strong><em>sius</em></strong></span> <span class='ocrx_word' id='word_1_105' title='bbox 141 1073 177 1132; x_wconf 92' lang='lat' dir='ltr'><strong><em>de</em></strong></span> <span class='ocrx_word' id='word_1_106' title='bbox 201 1071 289 1148; x_wconf 87' lang='lat' dir='ltr'><strong><em>Urbe,</em></strong></span> <span class='ocrx_word' id='word_1_107' title='bbox 310 1073 463 1132; x_wconf 82' lang='lat' dir='ltr'><strong><em>Romanus</em></strong></span> <span class='ocrx_word' id='word_1_108' title='bbox 482 1070 577 1132; x_wconf 81' lang='lat' dir='ltr'><strong><em>ictus</em></strong></span> <span class='ocrx_word' id='word_1_109' title='bbox 596 1070 652 1132; x_wconf 90' lang='lat' dir='ltr'><strong><em>sub</em></strong></span> <span class='ocrx_word' id='word_1_110' title='bbox 673 1070 773 1132; x_wconf 75' lang='grc'><strong>544414</strong></span> <span class='ocrx_word' id='word_1_111' title='bbox 825 1069 927 1134; x_wconf 80' lang='lat' dir='ltr'><strong><em>nensis</em></strong></span> <span class='ocrx_word' id='word_1_112' title='bbox 944 1087 1039 1152; x_wconf 89' lang='lat' dir='ltr'><strong><em>prope</em></strong></span> <span class='ocrx_word' id='word_1_113' title='bbox 1063 1069 1225 1132; x_wconf 81' lang='lat' dir='ltr'><strong><em>Valentiam</em></strong></span> <span class='ocrx_word' id='word_1_114' title='bbox 1246 1071 1302 1133; x_wconf 86' lang='lat' dir='ltr'><strong><em>Hic</em></strong></span> <span class='ocrx_word' id='word_1_115' title='bbox 1322 1089 1390 1133; x_wconf 89' lang='lat' dir='ltr'><strong><em>cum</em></strong></span> <span class='ocrx_word' id='word_1_116' title='bbox 1410 1073 1541 1136; x_wconf 85' lang='lat' dir='ltr'><strong><em>Parisiis</em></strong></span> 
     </span>
     <span class='ocr_line' id='line_1_13' title="bbox 6 1162 1543 1244; baseline -0.006 -10"><span class='ocrx_word' id='word_1_117' title='bbox 6 1207 8 1234; x_wconf 85' lang='lat' dir='ltr'><strong><em>t</em></strong></span> <span class='ocrx_word' id='word_1_118' title='bbox 69 1166 226 1230; x_wconf 83' lang='lat' dir='ltr'><strong><em>duodecimi</em></strong></span> <span class='ocrx_word' id='word_1_119' title='bbox 246 1167 363 1228; x_wconf 82' lang='lat' dir='ltr'><strong><em>exitum</em></strong></span> <span class='ocrx_word' id='word_1_120' title='bbox 384 1170 415 1224; x_wconf 88' lang='lat' dir='ltr'><strong><em>et</em></strong></span> <span class='ocrx_word' id='word_1_121' title='bbox 435 1165 517 1224; x_wconf 89' lang='lat' dir='ltr'><strong><em>initia</em></strong></span> <span class='ocrx_word' id='word_1_122' title='bbox 538 1162 646 1225; x_wconf 87' lang='lat' dir='ltr'><strong><em>decimi</em></strong></span> <span class='ocrx_word' id='word_1_123' title='bbox 672 1165 773 1239; x_wconf 88' lang='lat' dir='ltr'><strong><em>tertii,</em></strong></span> <span class='ocrx_word' id='word_1_124' title='bbox 827 1164 978 1241; x_wconf 84' lang='lat' dir='ltr'><strong><em>studeret,</em></strong></span> <span class='ocrx_word' id='word_1_125' title='bbox 1010 1164 1158 1244; x_wconf 78' lang='lat' dir='ltr'><strong><em>diupister</em></strong></span> <span class='ocrx_word' id='word_1_126' title='bbox 1184 1166 1306 1242; x_wconf 81' lang='lat' dir='ltr'><strong><em>effectus</em></strong></span> <span class='ocrx_word' id='word_1_127' title='bbox 1326 1173 1372 1228; x_wconf 91' lang='lat' dir='ltr'><strong><em>est</em></strong></span> <span class='ocrx_word' id='word_1_128' title='bbox 1403 1167 1435 1226; x_wconf 89' lang='lat' dir='ltr'><strong><em>in</em></strong></span> <span class='ocrx_word' id='word_1_129' title='bbox 1461 1165 1543 1226; x_wconf 85' lang='lat' dir='ltr'><strong><em>Arti-</em></strong></span> 
     </span>
     <span class='ocr_line' id='line_1_14' title="bbox 6 1251 1544 1338; baseline 0 -18"><span class='ocrx_word' id='word_1_130' title='bbox 6 1251 8 1328; x_wconf 69' lang='lat'>{</span> <span class='ocrx_word' id='word_1_131' title='bbox 70 1263 123 1320; x_wconf 85' lang='lat' dir='ltr'><strong><em>sive</em></strong></span> <span class='ocrx_word' id='word_1_132' title='bbox 142 1261 205 1338; x_wconf 88' lang='lat' dir='ltr'><strong><em>ipse</em></strong></span> <span class='ocrx_word' id='word_1_133' title='bbox 237 1258 377 1336; x_wconf 77' lang='lat' dir='ltr'><strong><em>scripsit,</em></strong></span> <span class='ocrx_word' id='word_1_134' title='bbox 405 1258 470 1316; x_wconf 88' lang='lat' dir='ltr'><strong><em>siva</em></strong></span> <span class='ocrx_word' id='word_1_135' title='bbox 497 1273 515 1316; x_wconf 91' lang='lat' dir='ltr'><strong><em>a</em></strong></span> <span class='ocrx_word' id='word_1_136' title='bbox 542 1253 773 1318; x_wconf 77' lang='grc'><strong>0404140770</strong></span> <span class='ocrx_word' id='word_1_137' title='bbox 829 1255 894 1320; x_wconf 82' lang='lat' dir='ltr'><strong><em>bus.</em></strong></span> <span class='ocrx_word' id='word_1_138' title='bbox 921 1257 961 1318; x_wconf 78' lang='grc'><strong><em>144</em></strong></span> <span class='ocrx_word' id='word_1_139' title='bbox 985 1257 1042 1336; x_wconf 83' lang='lat' dir='ltr'><strong><em>jus</em></strong></span> <span class='ocrx_word' id='word_1_140' title='bbox 1073 1263 1176 1338; x_wconf 90' lang='lat' dir='ltr'><strong><em>postea</em></strong></span> <span class='ocrx_word' id='word_1_141' title='bbox 1207 1258 1389 1322; x_wconf 72' lang='lat' dir='ltr'><strong><em>canonicum</em></strong></span> <span class='ocrx_word' id='word_1_142' title='bbox 1416 1255 1544 1320; x_wconf 82' lang='lat' dir='ltr'><strong><em>audiens</em></strong></span> 
     </span>
     <span class='ocr_line' id='line_1_15' title="bbox 7 1347 1541 1432; baseline 0.001 -21"><span class='ocrx_word' id='word_1_143' title='bbox 7 1349 12 1411; x_wconf 65' lang='lat'><strong><em>³.</em></strong></span> <span class='ocrx_word' id='word_1_144' title='bbox 69 1355 256 1432; x_wconf 89' lang='lat' dir='ltr'><strong><em>compositum</em></strong></span> <span class='ocrx_word' id='word_1_145' title='bbox 277 1353 303 1426; x_wconf 92' lang='grc'><strong><em>4)</em></strong></span> <span class='ocrx_word' id='word_1_146' title='bbox 326 1352 357 1410; x_wconf 90' lang='grc'><strong><em>14</em></strong></span> <span class='ocrx_word' id='word_1_147' title='bbox 379 1365 487 1412; x_wconf 90' lang='lat' dir='ltr'><strong><em>manus</em></strong></span> <span class='ocrx_word' id='word_1_148' title='bbox 508 1349 662 1410; x_wconf 88' lang='lat' dir='ltr'><strong><em>hominum</em></strong></span> <span class='ocrx_word' id='word_1_149' title='bbox 691 1347 774 1408; x_wconf 87' lang='lat' dir='ltr'><strong><em>dedit</em></strong></span> <span class='ocrx_word' id='word_1_150' title='bbox 830 1348 970 1412; x_wconf 86' lang='lat' dir='ltr'><strong><em>Ordinem</em></strong></span> <span class='ocrx_word' id='word_1_151' title='bbox 996 1351 1141 1428; x_wconf 87' lang='lat' dir='ltr'><strong><em>introvit,</em></strong></span> <span class='ocrx_word' id='word_1_152' title='bbox 1171 1357 1200 1412; x_wconf 89' lang='lat' dir='ltr'><strong><em>et</em></strong></span> <span class='ocrx_word' id='word_1_153' title='bbox 1225 1350 1403 1430; x_wconf 79' lang='grc'><strong>4449444444</strong></span> <span class='ocrx_word' id='word_1_154' title='bbox 1434 1367 1541 1426; x_wconf 85' lang='lat' dir='ltr'><strong><em>suum,</em></strong></span> 
     </span>
     <span class='ocr_line' id='line_1_16' title="bbox 6 1398 1683 1545; baseline -0.001 -39"><span class='ocrx_word' id='word_1_155' title='bbox 6 1411 13 1545; x_wconf 65' lang='lat' dir='ltr'><strong><em>l</em></strong></span> <span class='ocrx_word' id='word_1_156' title='bbox 69 1441 162 1506; x_wconf 87' lang='lat' dir='ltr'><strong><em>librum</em></strong></span> <span class='ocrx_word' id='word_1_157' title='bbox 178 1441 215 1504; x_wconf 89' lang='lat' dir='ltr'><strong><em>de</em></strong></span> <span class='ocrx_word' id='word_1_158' title='bbox 228 1440 396 1524; x_wconf 76' lang='lat' dir='ltr'><strong><em>praeludiis</em></strong></span> <span class='ocrx_word' id='word_1_159' title='bbox 413 1457 578 1504; x_wconf 88' lang='lat' dir='ltr'><strong><em>causarum</em></strong></span> <span class='ocrx_word' id='word_1_160' title='bbox 592 1443 644 1520; x_wconf 90' lang='lat' dir='ltr'><strong><em>qui</em></strong></span> <span class='ocrx_word' id='word_1_161' title='bbox 662 1443 773 1521; x_wconf 88' lang='lat' dir='ltr'><strong><em>incipit·</em></strong></span> <span class='ocrx_word' id='word_1_162' title='bbox 827 1443 1007 1524; x_wconf 81' lang='lat' dir='ltr'><strong><em>Mapistrum</em></strong></span> <span class='ocrx_word' id='word_1_163' title='bbox 1037 1398 1243 1522; x_wconf 77' lang='lat' dir='ltr'><strong><em>anabusn,</em></strong></span> <span class='ocrx_word' id='word_1_164' title='bbox 1274 1445 1329 1525; x_wconf 76' lang='lat' dir='ltr'><strong><em>qui</em></strong></span> <span class='ocrx_word' id='word_1_165' title='bbox 1352 1449 1457 1525; x_wconf 89' lang='lat' dir='ltr'><strong><em>posteo</em></strong></span> <span class='ocrx_word' id='word_1_166' title='bbox 1485 1399 1546 1524; x_wconf 81' lang='lat' dir='ltr'><strong><em>[nil</em></strong></span> <span class='ocrx_word' id='word_1_167' title='bbox 1678 1506 1683 1514; x_wconf 77' lang='grc'><em>,</em></span> 
     </span>
     <span class='ocr_line' id='line_1_17' title="bbox 8 1533 1547 1641; baseline 0.002 -46"><span class='ocrx_word' id='word_1_168' title='bbox 8 1560 12 1595; x_wconf 87' lang='grc' dir='ltr'>ι</span> <span class='ocrx_word' id='word_1_169' title='bbox 71 1539 133 1601; x_wconf 82' lang='lat' dir='ltr'><strong><em>dum</em></strong></span> <span class='ocrx_word' id='word_1_170' title='bbox 153 1537 187 1598; x_wconf 90' lang='lat' dir='ltr'><strong><em>de</em></strong></span> <span class='ocrx_word' id='word_1_171' title='bbox 207 1535 350 1600; x_wconf 86' lang='lat' dir='ltr'><strong><em>mundato</em></strong></span> <span class='ocrx_word' id='word_1_172' title='bbox 372 1533 538 1641; x_wconf 79' lang='lat' dir='ltr'><strong><em>imperiali,</em></strong></span> <span class='ocrx_word' id='word_1_173' title='bbox 560 1537 717 1598; x_wconf 88' lang='lat' dir='ltr'><strong><em>Praeterea</em></strong></span> <span class='ocrx_word' id='word_1_174' title='bbox 738 1534 775 1596; x_wconf 85' lang='lat' dir='ltr'><strong><em>de</em></strong></span> <span class='ocrx_word' id='word_1_175' title='bbox 837 1536 1034 1615; x_wconf 76' lang='lat' dir='ltr'><strong><em>cardinalis,</em></strong></span> <span class='ocrx_word' id='word_1_176' title='bbox 1064 1537 1106 1600; x_wconf 88' lang='lat' dir='ltr'><strong><em>ad</em></strong></span> <span class='ocrx_word' id='word_1_177' title='bbox 1127 1537 1267 1602; x_wconf 78' lang='grc'><strong>04444444</strong></span> <span class='ocrx_word' id='word_1_178' title='bbox 1297 1537 1547 1598; x_wconf 71' lang='lat' dir='ltr'><strong><em>ussitidem</em></strong></span> 
     </span>
     <span class='ocr_line' id='line_1_18' title="bbox 66 1627 1546 1713; baseline 0 -21"><span class='ocrx_word' id='word_1_179' title='bbox 66 1629 173 1710; x_wconf 75' lang='lat' dir='ltr'><strong><em>iuduiis</em></strong></span> <span class='ocrx_word' id='word_1_180' title='bbox 193 1629 343 1710; x_wconf 89' lang='lat' dir='ltr'><strong><em>quaedam</em></strong></span> <span class='ocrx_word' id='word_1_181' title='bbox 366 1627 523 1708; x_wconf 83' lang='lat' dir='ltr'><strong><em>scripsisse</em></strong></span> <span class='ocrx_word' id='word_1_182' title='bbox 552 1635 635 1691; x_wconf 88' lang='lat' dir='ltr'><strong><em>notat</em></strong></span> <span class='ocrx_word' id='word_1_183' title='bbox 660 1627 776 1690; x_wconf 87' lang='lat' dir='ltr'><strong><em>Trithe-</em></strong></span> <span class='ocrx_word' id='word_1_184' title='bbox 832 1630 942 1693; x_wconf 87' lang='lat' dir='ltr'><strong><em>Ordine</em></strong></span> <span class='ocrx_word' id='word_1_185' title='bbox 962 1631 1024 1713; x_wconf 75' lang='lat' dir='ltr'><strong><em>suit</em></strong></span> <span class='ocrx_word' id='word_1_186' title='bbox 1043 1635 1146 1694; x_wconf 87' lang='lat' dir='ltr'><strong><em>Lector</em></strong></span> <span class='ocrx_word' id='word_1_187' title='bbox 1178 1631 1397 1711; x_wconf 83' lang='lat' dir='ltr'><strong><em>Lupdunensis,</em></strong></span> <span class='ocrx_word' id='word_1_188' title='bbox 1429 1637 1460 1692; x_wconf 89' lang='lat' dir='ltr'><strong><em>et</em></strong></span> <span class='ocrx_word' id='word_1_189' title='bbox 1479 1629 1546 1692; x_wconf 79' lang='lat' dir='ltr'><strong><em>en·-</em></strong></span> 
     </span>
     <span class='ocr_line' id='line_1_19' title="bbox 72 1721 1632 1804; baseline -0.001 -18"><span class='ocrx_word' id='word_1_190' title='bbox 72 1727 138 1786; x_wconf 90' lang='lat' dir='ltr'><strong><em>nius</em></strong></span> <span class='ocrx_word' id='word_1_191' title='bbox 157 1743 225 1804; x_wconf 88' lang='lat' dir='ltr'><strong><em>cap.</em></strong></span> <span class='ocrx_word' id='word_1_192' title='bbox 248 1725 317 1784; x_wconf 91' lang='grc'><strong>440.</strong></span> <span class='ocrx_word' id='word_1_193' title='bbox 831 1743 881 1789; x_wconf 84' lang='lat' dir='ltr'><strong><em>or:</em></strong></span> <span class='ocrx_word' id='word_1_194' title='bbox 912 1724 1017 1790; x_wconf 82' lang='lat' dir='ltr'><strong><em>deinde</em></strong></span> <span class='ocrx_word' id='word_1_195' title='bbox 1050 1721 1246 1788; x_wconf 75' lang='lat' dir='ltr'><strong><em>Probinmalis</em></strong></span> <span class='ocrx_word' id='word_1_196' title='bbox 1279 1726 1413 1800; x_wconf 77' lang='lat' dir='ltr'><strong><em>Tusciae,</em></strong></span> <span class='ocrx_word' id='word_1_197' title='bbox 1436 1729 1469 1794; x_wconf 84' lang='grc'><strong><em>44</em></strong></span> <span class='ocrx_word' id='word_1_198' title='bbox 1489 1741 1544 1804; x_wconf 89' lang='lat' dir='ltr'><strong><em>po-</em></strong></span> <span class='ocrx_word' id='word_1_199' title='bbox 1629 1757 1632 1763; x_wconf 91' lang='lat'>·</span> 
     </span>
     <span class='ocr_line' id='line_1_20' title="bbox 51 1815 1544 1900; baseline -0.001 -21"><span class='ocrx_word' id='word_1_200' title='bbox 51 1853 54 1858; x_wconf 92' lang='lat'><em>-</em></span> <span class='ocrx_word' id='word_1_201' title='bbox 101 1815 776 1894; x_wconf 80' lang='grc' dir='ltr'><strong>1411οΕ1171180440444144,44444111141οΕ41-</strong></span> <span class='ocrx_word' id='word_1_202' title='bbox 830 1824 895 1880; x_wconf 89' lang='lat' dir='ltr'><strong><em>steu</em></strong></span> <span class='ocrx_word' id='word_1_203' title='bbox 915 1820 1083 1898; x_wconf 83' lang='lat' dir='ltr'><strong><em>Franciae,</em></strong></span> <span class='ocrx_word' id='word_1_204' title='bbox 1110 1818 1267 1900; x_wconf 74' lang='lat' dir='ltr'><strong><em>Relrpium&#39;s</em></strong></span> <span class='ocrx_word' id='word_1_205' title='bbox 1291 1816 1353 1898; x_wconf 77' lang='lat' dir='ltr'><strong><em>sub</em></strong></span> <span class='ocrx_word' id='word_1_206' title='bbox 1369 1817 1544 1900; x_wconf 84' lang='lat' dir='ltr'><strong><em>speculum,</em></strong></span> 
     </span>
     <span class='ocr_line' id='line_1_21' title="bbox 11 1910 1617 1992; baseline 0.002 -20"><span class='ocrx_word' id='word_1_207' title='bbox 11 1942 16 1965; x_wconf 78' lang='grc' dir='ltr'>ι</span> <span class='ocrx_word' id='word_1_208' title='bbox 69 1911 135 1974; x_wconf 81' lang='lat' dir='ltr'><strong><em>tus.</em></strong></span> <span class='ocrx_word' id='word_1_209' title='bbox 832 1910 882 1974; x_wconf 88' lang='lat' dir='ltr'><strong><em>vir</em></strong></span> <span class='ocrx_word' id='word_1_210' title='bbox 898 1910 1046 1972; x_wconf 78' lang='lat' dir='ltr'><strong><em>discretus</em></strong></span> <span class='ocrx_word' id='word_1_211' title='bbox 1062 1917 1170 1973; x_wconf 87' lang='lat' dir='ltr'><strong><em>cautus</em></strong></span> <span class='ocrx_word' id='word_1_212' title='bbox 1187 1917 1217 1972; x_wconf 91' lang='lat' dir='ltr'><strong><em>et</em></strong></span> <span class='ocrx_word' id='word_1_213' title='bbox 1228 1910 1458 1992; x_wconf 61' lang='lat' dir='ltr'><strong><em>litterasque·</em></strong></span> <span class='ocrx_word' id='word_1_214' title='bbox 1467 1929 1545 1974; x_wconf 89' lang='lat' dir='ltr'><strong><em>com-</em></strong></span> <span class='ocrx_word' id='word_1_215' title='bbox 1614 1969 1617 1976; x_wconf 86' lang='lat'><strong><em>.</em></strong></span> 
     </span>
     <span class='ocr_line' id='line_1_22' title="bbox 11 1986 1543 2087; baseline 0.001 -21"><span class='ocrx_word' id='word_1_216' title='bbox 11 1986 17 2085; x_wconf 67' lang='lat' dir='ltr'><strong><em>i</em></strong></span> <span class='ocrx_word' id='word_1_217' title='bbox 97 1997 292 2067; x_wconf 73' lang='lat' dir='ltr'><strong><em>russatus</em></strong></span> <span class='ocrx_word' id='word_1_218' title='bbox 313 2000 378 2068; x_wconf 88' lang='lat' dir='ltr'><strong><em>sive</em></strong></span> <span class='ocrx_word' id='word_1_219' title='bbox 399 2001 587 2068; x_wconf 85' lang='lat' dir='ltr'><strong><em>Hubertinus</em></strong></span> <span class='ocrx_word' id='word_1_220' title='bbox 607 2004 643 2068; x_wconf 88' lang='lat' dir='ltr'><strong><em>de</em></strong></span> <span class='ocrx_word' id='word_1_221' title='bbox 658 2001 780 2081; x_wconf 83' lang='lat' dir='ltr'><strong><em>Casuli,</em></strong></span> <span class='ocrx_word' id='word_1_222' title='bbox 830 2003 939 2087; x_wconf 86' lang='lat' dir='ltr'><strong><em>pilaoit</em></strong></span> <span class='ocrx_word' id='word_1_223' title='bbox 949 2005 1079 2068; x_wconf 83' lang='grc'><strong>4114444444</strong></span> <span class='ocrx_word' id='word_1_224' title='bbox 1097 2005 1341 2068; x_wconf 84' lang='lat' dir='ltr'><strong><em>Ecclesiasticum</em></strong></span> <span class='ocrx_word' id='word_1_225' title='bbox 1358 2007 1385 2081; x_wconf 90' lang='grc'><strong><em>4)</em></strong></span> <span class='ocrx_word' id='word_1_226' title='bbox 1402 2022 1461 2086; x_wconf 86' lang='lat' dir='ltr'><strong><em>puo</em></strong></span> <span class='ocrx_word' id='word_1_227' title='bbox 1471 2007 1543 2068; x_wconf 88' lang='lat' dir='ltr'><strong><em>ordo</em></strong></span> 
     </span>
     <span class='ocr_line' id='line_1_23' title="bbox 11 2092 1550 2244; baseline 0.004 -88"><span class='ocrx_word' id='word_1_228' title='bbox 11 2092 20 2244; x_wconf 66' lang='lat' dir='ltr'><strong><em>p</em></strong></span> <span class='ocrx_word' id='word_1_229' title='bbox 71 2094 411 2176; x_wconf 60' lang='lat' dir='ltr'><strong><em>superaestuans.</em></strong></span> <span class='ocrx_word' id='word_1_230' title='bbox 435 2100 461 2160; x_wconf 89' lang='grc'><strong><em>4.</em></strong></span> <span class='ocrx_word' id='word_1_231' title='bbox 485 2115 551 2180; x_wconf 85' lang='lat' dir='ltr'><strong><em>pag.</em></strong></span> <span class='ocrx_word' id='word_1_232' title='bbox 574 2097 645 2160; x_wconf 77' lang='lat'><strong><em>327.</em></strong></span> <span class='ocrx_word' id='word_1_233' title='bbox 835 2099 949 2174; x_wconf 83' lang='lat' dir='ltr'><strong><em>utimr,</em></strong></span> <span class='ocrx_word' id='word_1_234' title='bbox 971 2102 1002 2159; x_wconf 88' lang='lat' dir='ltr'><strong><em>et</em></strong></span> <span class='ocrx_word' id='word_1_235' title='bbox 1014 2096 1121 2179; x_wconf 89' lang='lat' dir='ltr'><strong><em>plures</em></strong></span> <span class='ocrx_word' id='word_1_236' title='bbox 1137 2095 1236 2160; x_wconf 85' lang='lat' dir='ltr'><strong><em>edidit</em></strong></span> <span class='ocrx_word' id='word_1_237' title='bbox 1251 2097 1293 2158; x_wconf 90' lang='lat' dir='ltr'><strong><em>ld.</em></strong></span> <span class='ocrx_word' id='word_1_238' title='bbox 1309 2113 1337 2176; x_wconf 88' lang='lat' dir='ltr'><strong><em>p</em></strong></span> <span class='ocrx_word' id='word_1_239' title='bbox 1356 2099 1424 2161; x_wconf 75' lang='grc'><strong>684.</strong></span> <span class='ocrx_word' id='word_1_240' title='bbox 1441 2097 1550 2162; x_wconf 86' lang='lat' dir='ltr'><strong><em>Plures</em></strong></span> 
     </span>
     <span class='ocr_line' id='line_1_24' title="bbox 12 2188 1550 2285; baseline 0.004 -35"><span class='ocrx_word' id='word_1_241' title='bbox 12 2239 19 2285; x_wconf 49' lang='grc' dir='ltr'><strong>ἱ</strong></span> <span class='ocrx_word' id='word_1_242' title='bbox 100 2189 295 2254; x_wconf 79' lang='grc' dir='ltr'><strong>11001111Τῦ8</strong></span> <span class='ocrx_word' id='word_1_243' title='bbox 314 2188 486 2270; x_wconf 66' lang='lat' dir='ltr'><strong><em>anunm</em></strong></span> <span class='ocrx_word' id='word_1_244' title='bbox 504 2208 595 2271; x_wconf 89' lang='lat' dir='ltr'><strong><em>supra</em></strong></span> <span class='ocrx_word' id='word_1_245' title='bbox 612 2189 781 2254; x_wconf 71' lang='grc'><strong>(111444714-</strong></span> <span class='ocrx_word' id='word_1_246' title='bbox 818 2189 929 2254; x_wconf 75' lang='lat' dir='ltr'><strong><em>libros</em></strong></span> <span class='ocrx_word' id='word_1_247' title='bbox 948 2188 1550 2272; x_wconf 72' lang='lat' dir='ltr'><strong><em>seripstteircavttamremuneratae</em></strong></span> 
     </span>
     <span class='ocr_line' id='line_1_25' title="bbox 14 2282 1550 2365; baseline 0.003 -22"><span class='ocrx_word' id='word_1_248' title='bbox 14 2288 18 2301; x_wconf 93' lang='lat'>&#39;</span> <span class='ocrx_word' id='word_1_249' title='bbox 72 2283 134 2345; x_wconf 83' lang='lat' dir='ltr'><strong><em>tus</em></strong></span> <span class='ocrx_word' id='word_1_250' title='bbox 152 2301 220 2364; x_wconf 89' lang='lat' dir='ltr'><strong><em>pag.</em></strong></span> <span class='ocrx_word' id='word_1_251' title='bbox 243 2286 312 2346; x_wconf 84' lang='lat' dir='ltr'><strong><em>tos.</em></strong></span> <span class='ocrx_word' id='word_1_252' title='bbox 837 2283 933 2346; x_wconf 90' lang='lat' dir='ltr'><strong><em>utiles</em></strong></span> <span class='ocrx_word' id='word_1_253' title='bbox 949 2283 1096 2364; x_wconf 72' lang='lat' dir='ltr'><strong><em>supremo</em></strong></span> <span class='ocrx_word' id='word_1_254' title='bbox 1113 2283 1304 2365; x_wconf 73' lang='lat' dir='ltr'><strong><em>exposuitde</em></strong></span> <span class='ocrx_word' id='word_1_255' title='bbox 1320 2282 1411 2346; x_wconf 86' lang='lat' dir='ltr'><strong><em>uerbo</em></strong></span> <span class='ocrx_word' id='word_1_256' title='bbox 1425 2283 1467 2346; x_wconf 86' lang='grc'><strong><em>444</em></strong></span> <span class='ocrx_word' id='word_1_257' title='bbox 1481 2303 1550 2348; x_wconf 90' lang='lat' dir='ltr'><strong><em>oer</em></strong></span> 
     </span>
     <span class='ocr_line' id='line_1_26' title="bbox 100 2365 1548 2462; baseline 0.003 -26"><span class='ocrx_word' id='word_1_258' title='bbox 100 2377 442 2456; x_wconf 80' lang='lat' dir='ltr'><strong><em>HUBERTUSpostAn.</em></strong></span> <span class='ocrx_word' id='word_1_259' title='bbox 456 2378 545 2440; x_wconf 92' lang='grc'><strong>4047.</strong></span> <span class='ocrx_word' id='word_1_260' title='bbox 558 2381 686 2458; x_wconf 83' lang='lat' dir='ltr'><strong><em>scriptor</em></strong></span> <span class='ocrx_word' id='word_1_261' title='bbox 705 2365 785 2440; x_wconf 74' lang='lat' dir='ltr'><strong><em>Vini</em></strong></span> <span class='ocrx_word' id='word_1_262' title='bbox 840 2377 909 2440; x_wconf 88' lang='lat' dir='ltr'><strong><em>bum</em></strong></span> <span class='ocrx_word' id='word_1_263' title='bbox 928 2379 1072 2462; x_wconf 83' lang='lat' dir='ltr'><strong><em>Regulam</em></strong></span> <span class='ocrx_word' id='word_1_264' title='bbox 1093 2381 1125 2440; x_wconf 87' lang='lat' dir='ltr'>B</span> <span class='ocrx_word' id='word_1_265' title='bbox 1145 2377 1306 2456; x_wconf 84' lang='lat' dir='ltr'><strong><em>Augustini</em></strong></span> <span class='ocrx_word' id='word_1_266' title='bbox 1326 2377 1395 2450; x_wconf 85' lang='lat' dir='ltr'><strong><em>b)</em></strong></span> <span class='ocrx_word' id='word_1_267' title='bbox 1381 2395 1413 2441; x_wconf 89' lang='lat' dir='ltr'><strong><em>m</em></strong></span> <span class='ocrx_word' id='word_1_268' title='bbox 1442 2396 1548 2460; x_wconf 86' lang='lat' dir='ltr'><strong><em>mcpnc</em></strong></span> 
     </span>
     <span class='ocr_line' id='line_1_27' title="bbox 71 2467 1603 2552; baseline 0.007 -24"><span class='ocrx_word' id='word_1_269' title='bbox 71 2467 236 2530; x_wconf 70' lang='lat' dir='ltr'><strong><em>saraitae</em></strong></span> <span class='ocrx_word' id='word_1_270' title='bbox 257 2470 385 2550; x_wconf 82' lang='lat' dir='ltr'><strong><em>Virginis</em></strong></span> <span class='ocrx_word' id='word_1_271' title='bbox 405 2472 579 2534; x_wconf 82' lang='lat' dir='ltr'><strong><em>Bruxeliis&#39;</em></strong></span> <span class='ocrx_word' id='word_1_272' title='bbox 573 2489 603 2532; x_wconf 91' lang='grc'><strong><em>44</em></strong></span> <span class='ocrx_word' id='word_1_273' title='bbox 621 2472 783 2534; x_wconf 76' lang='grc'><strong>1444444444</strong></span> <span class='ocrx_word' id='word_1_274' title='bbox 843 2469 1003 2547; x_wconf 76' lang='lat' dir='ltr'><strong><em>Volumina,</em></strong></span> <span class='ocrx_word' id='word_1_275' title='bbox 1024 2467 1147 2534; x_wconf 86' lang='lat' dir='ltr'><strong><em>Librum</em></strong></span> <span class='ocrx_word' id='word_1_276' title='bbox 1168 2487 1284 2552; x_wconf 81' lang='lat' dir='ltr'><strong><em>quoque</em></strong></span> <span class='ocrx_word' id='word_1_277' title='bbox 1299 2470 1337 2532; x_wconf 88' lang='lat' dir='ltr'><strong><em>de</em></strong></span> <span class='ocrx_word' id='word_1_278' title='bbox 1357 2471 1470 2534; x_wconf 87' lang='lat' dir='ltr'><strong><em>Officiis</em></strong></span> <span class='ocrx_word' id='word_1_279' title='bbox 1490 2475 1546 2536; x_wconf 87' lang='lat' dir='ltr'><strong><em>Or·</em></strong></span> <span class='ocrx_word' id='word_1_280' title='bbox 1597 2527 1603 2538; x_wconf 96' lang='lat'><strong><em>.</em></strong></span> 
     </span>
     <span class='ocr_line' id='line_1_28' title="bbox 70 2561 1552 2628; baseline 0.005 -8"><span class='ocrx_word' id='word_1_281' title='bbox 70 2563 133 2624; x_wconf 87' lang='grc'><strong>44444</strong></span> <span class='ocrx_word' id='word_1_282' title='bbox 152 2563 185 2624; x_wconf 78' lang='lat' dir='ltr'><strong><em>t.</em></strong></span> <span class='ocrx_word' id='word_1_283' title='bbox 208 2562 279 2625; x_wconf 87' lang='grc'><strong>7441.</strong></span> <span class='ocrx_word' id='word_1_284' title='bbox 301 2565 408 2626; x_wconf 88' lang='grc'><strong>414444.</strong></span> <span class='ocrx_word' id='word_1_285' title='bbox 429 2565 563 2628; x_wconf 83' lang='lat' dir='ltr'><strong><em>Exstat</em></strong></span> <span class='ocrx_word' id='word_1_286' title='bbox 556 2583 587 2626; x_wconf 89' lang='grc'><strong><em>44</em></strong></span> <span class='ocrx_word' id='word_1_287' title='bbox 604 2562 689 2625; x_wconf 81' lang='lat' dir='ltr'><strong><em>Actis</em></strong></span> <span class='ocrx_word' id='word_1_288' title='bbox 707 2565 783 2624; x_wconf 90' lang='lat' dir='ltr'><strong><em>San·</em></strong></span> <span class='ocrx_word' id='word_1_289' title='bbox 837 2565 915 2626; x_wconf 89' lang='lat' dir='ltr'><strong><em>dinis</em></strong></span> <span class='ocrx_word' id='word_1_290' title='bbox 946 2564 1203 2626; x_wconf 87' lang='lat' dir='ltr'><strong><em>Praedicatorum:</em></strong></span> <span class='ocrx_word' id='word_1_291' title='bbox 1234 2561 1359 2626; x_wconf 86' lang='lat' dir='ltr'><strong><em>Librum</em></strong></span> <span class='ocrx_word' id='word_1_292' title='bbox 1391 2566 1480 2627; x_wconf 90' lang='lat' dir='ltr'><strong><em>etiam</em></strong></span> <span class='ocrx_word' id='word_1_293' title='bbox 1510 2567 1552 2628; x_wconf 89' lang='lat' dir='ltr'><strong><em>ad</em></strong></span> 
     </span>
     <span class='ocr_line' id='line_1_29' title="bbox 70 2655 1551 2741; baseline 0.004 -27"><span class='ocrx_word' id='word_1_294' title='bbox 70 2663 170 2718; x_wconf 87' lang='grc'><strong>4444444</strong></span> <span class='ocrx_word' id='word_1_295' title='bbox 191 2659 223 2720; x_wconf 89' lang='lat'><strong><em>8.</em></strong></span> <span class='ocrx_word' id='word_1_296' title='bbox 245 2658 367 2720; x_wconf 84' lang='lat' dir='ltr'><strong><em>ianuar.</em></strong></span> <span class='ocrx_word' id='word_1_297' title='bbox 390 2655 461 2718; x_wconf 84' lang='lat' dir='ltr'><strong><em>toni.</em></strong></span> <span class='ocrx_word' id='word_1_298' title='bbox 485 2660 512 2720; x_wconf 92' lang='grc'><strong><em>1.</em></strong></span> <span class='ocrx_word' id='word_1_299' title='bbox 539 2675 606 2738; x_wconf 88' lang='lat' dir='ltr'><strong><em>pag.</em></strong></span> <span class='ocrx_word' id='word_1_300' title='bbox 633 2655 780 2718; x_wconf 76' lang='lat' dir='ltr'><strong><em>stt-523.</em></strong></span> <span class='ocrx_word' id='word_1_301' title='bbox 835 2657 1005 2741; x_wconf 73' lang='grc'><strong>[4444444444</strong></span> <span class='ocrx_word' id='word_1_302' title='bbox 1024 2657 1206 2720; x_wconf 76' lang='lat' dir='ltr'><strong><em>collationes</em></strong></span> <span class='ocrx_word' id='word_1_303' title='bbox 1235 2657 1345 2718; x_wconf 87' lang='lat' dir='ltr'><strong><em>breves</em></strong></span> <span class='ocrx_word' id='word_1_304' title='bbox 1376 2658 1414 2720; x_wconf 93' lang='lat' dir='ltr'><strong><em>ad</em></strong></span> <span class='ocrx_word' id='word_1_305' title='bbox 1445 2677 1551 2722; x_wconf 89' lang='lat' dir='ltr'><strong><em>omnes</em></strong></span> 
     </span>
     <span class='ocr_line' id='line_1_30' title="bbox 69 2747 1548 2832; baseline 0.004 -26"><span class='ocrx_word' id='word_1_306' title='bbox 69 2747 170 2812; x_wconf 83' lang='lat' dir='ltr'><strong><em>liieavit</em></strong></span> <span class='ocrx_word' id='word_1_307' title='bbox 189 2767 260 2812; x_wconf 88' lang='lat' dir='ltr'><strong><em>eam</em></strong></span> <span class='ocrx_word' id='word_1_308' title='bbox 281 2750 403 2812; x_wconf 81' lang='grc'><strong>11144444</strong></span> <span class='ocrx_word' id='word_1_309' title='bbox 430 2751 579 2812; x_wconf 87' lang='lat' dir='ltr'><strong><em>incertum</em></strong></span> <span class='ocrx_word' id='word_1_310' title='bbox 606 2768 645 2811; x_wconf 90' lang='lat' dir='ltr'><strong><em>an</em></strong></span> <span class='ocrx_word' id='word_1_311' title='bbox 673 2749 782 2810; x_wconf 76' lang='lat' dir='ltr'><strong><em>nubaei</em></strong></span> <span class='ocrx_word' id='word_1_312' title='bbox 837 2759 953 2829; x_wconf 88' lang='lat' dir='ltr'><strong><em>status,</em></strong></span> <span class='ocrx_word' id='word_1_313' title='bbox 975 2759 1005 2814; x_wconf 92' lang='lat' dir='ltr'><strong><em>et</em></strong></span> <span class='ocrx_word' id='word_1_314' title='bbox 1022 2767 1134 2812; x_wconf 87' lang='lat' dir='ltr'><strong><em>omnem</em></strong></span> <span class='ocrx_word' id='word_1_315' title='bbox 1151 2767 1246 2832; x_wconf 72' lang='grc'><strong>44444</strong></span> <span class='ocrx_word' id='word_1_316' title='bbox 1266 2755 1370 2812; x_wconf 86' lang='lat' dir='ltr'><strong><em>artum</em></strong></span> <span class='ocrx_word' id='word_1_317' title='bbox 1388 2751 1548 2814; x_wconf 87' lang='lat' dir='ltr'><strong><em>solennem:</em></strong></span> 
     </span>
     <span class='ocr_line' id='line_1_31' title="bbox 69 2842 1549 2923; baseline 0.003 -21"><span class='ocrx_word' id='word_1_318' title='bbox 69 2843 265 2906; x_wconf 86' lang='lat' dir='ltr'><strong><em>Gemblecensi</em></strong></span> <span class='ocrx_word' id='word_1_319' title='bbox 286 2842 326 2906; x_wconf 85' lang='lat' dir='ltr'><strong><em>do</em></strong></span> <span class='ocrx_word' id='word_1_320' title='bbox 354 2861 413 2923; x_wconf 87' lang='lat' dir='ltr'><strong><em>quo</em></strong></span> <span class='ocrx_word' id='word_1_321' title='bbox 444 2843 543 2906; x_wconf 87' lang='lat' dir='ltr'><strong><em>dicere</em></strong></span> <span class='ocrx_word' id='word_1_322' title='bbox 578 2861 625 2906; x_wconf 90' lang='lat' dir='ltr'><strong><em>me</em></strong></span> <span class='ocrx_word' id='word_1_323' title='bbox 658 2843 782 2904; x_wconf 86' lang='lat' dir='ltr'><strong><em>memini</em></strong></span> <span class='ocrx_word' id='word_1_324' title='bbox 828 2843 1549 2910; x_wconf 70' lang='grc' dir='ltr'><strong><em>Ι44140444444141444414444444.1144444144444</em></strong></span> 
     </span>
     <span class='ocr_line' id='line_1_32' title="bbox 74 2929 1552 3018; baseline 0.001 -23"><span class='ocrx_word' id='word_1_325' title='bbox 74 2944 133 2998; x_wconf 88' lang='lat' dir='ltr'><strong><em>un.</em></strong></span> <span class='ocrx_word' id='word_1_326' title='bbox 154 2941 165 3000; x_wconf 90' lang='grc'><strong>4</strong></span> <span class='ocrx_word' id='word_1_327' title='bbox 187 2955 258 3017; x_wconf 88' lang='lat' dir='ltr'><strong><em>pag.</em></strong></span> <span class='ocrx_word' id='word_1_328' title='bbox 280 2938 327 3000; x_wconf 91' lang='grc'><strong><em>44.</em></strong></span> <span class='ocrx_word' id='word_1_329' title='bbox 837 2940 940 3012; x_wconf 83' lang='lat' dir='ltr'><strong><em>Quetii</em></strong></span> <span class='ocrx_word' id='word_1_330' title='bbox 959 2945 980 2999; x_wconf 89' lang='lat' dir='ltr'><strong><em>t.</em></strong></span> <span class='ocrx_word' id='word_1_331' title='bbox 1003 2941 1015 3000; x_wconf 94' lang='grc'><strong>4</strong></span> <span class='ocrx_word' id='word_1_332' title='bbox 1041 2955 1108 3017; x_wconf 85' lang='lat' dir='ltr'><strong><em>pag.</em></strong></span> <span class='ocrx_word' id='word_1_333' title='bbox 1131 2937 1198 2998; x_wconf 83' lang='grc'><strong>4414.</strong></span> <span class='ocrx_word' id='word_1_334' title='bbox 1220 2952 1284 3015; x_wconf 89' lang='lat' dir='ltr'><strong><em>seq.</em></strong></span> <span class='ocrx_word' id='word_1_335' title='bbox 1302 2935 1378 2998; x_wconf 89' lang='lat' dir='ltr'><strong><em>adde</em></strong></span> <span class='ocrx_word' id='word_1_336' title='bbox 1393 2929 1552 3018; x_wconf 70' lang='lat' dir='ltr'><strong><em>repositio·</em></strong></span> 
     </span>
     <span class='ocr_line' id='line_1_33' title="bbox 102 3026 1552 3112; baseline -0.001 -22"><span class='ocrx_word' id='word_1_337' title='bbox 102 3027 302 3092; x_wconf 75' lang='lat' dir='ltr'><strong><em>sinuatus</em></strong></span> <span class='ocrx_word' id='word_1_338' title='bbox 316 3027 528 3107; x_wconf 70' lang='lat' dir='ltr'><strong><em>Laudandus,</em></strong></span> <span class='ocrx_word' id='word_1_339' title='bbox 545 3030 612 3092; x_wconf 91' lang='lat' dir='ltr'><strong><em>aliis</em></strong></span> <span class='ocrx_word' id='word_1_340' title='bbox 628 3028 785 3090; x_wconf 71' lang='grc'><strong>444444414-</strong></span> <span class='ocrx_word' id='word_1_341' title='bbox 837 3049 904 3094; x_wconf 89' lang='lat' dir='ltr'><strong><em>uem</em></strong></span> <span class='ocrx_word' id='word_1_342' title='bbox 914 3048 1004 3112; x_wconf 89' lang='lat' dir='ltr'><strong><em>super</em></strong></span> <span class='ocrx_word' id='word_1_343' title='bbox 1011 3029 1239 3093; x_wconf 76' lang='lat' dir='ltr'><strong><em>constitutiones</em></strong></span> <span class='ocrx_word' id='word_1_344' title='bbox 1253 3026 1374 3090; x_wconf 88' lang='lat' dir='ltr'><strong><em>Ordinis</em></strong></span> <span class='ocrx_word' id='word_1_345' title='bbox 1381 3027 1488 3091; x_wconf 79' lang='lat' dir='ltr'><strong><em>Proeti</em></strong></span> <span class='ocrx_word' id='word_1_346' title='bbox 1504 3033 1552 3090; x_wconf 78' lang='lat' dir='ltr'><strong><em>m-</em></strong></span> 
     </span>
     <span class='ocr_line' id='line_1_34' title="bbox 71 3119 1553 3204; baseline 0.002 -23"><span class='ocrx_word' id='word_1_347' title='bbox 71 3124 122 3200; x_wconf 88' lang='lat' dir='ltr'><strong><em>grio</em></strong></span> <span class='ocrx_word' id='word_1_348' title='bbox 141 3125 167 3200; x_wconf 80' lang='grc'><strong><em>14)</em></strong></span> <span class='ocrx_word' id='word_1_349' title='bbox 188 3121 388 3200; x_wconf 74' lang='lat' dir='ltr'><strong><em>Bernartius,</em></strong></span> <span class='ocrx_word' id='word_1_350' title='bbox 418 3125 527 3204; x_wconf 86' lang='lat' dir='ltr'><strong><em>Belga,</em></strong></span> <span class='ocrx_word' id='word_1_351' title='bbox 560 3119 632 3187; x_wconf 85' lang='lat' dir='ltr'><strong><em>0rd&#39;.</em></strong></span> <span class='ocrx_word' id='word_1_352' title='bbox 663 3124 784 3188; x_wconf 84' lang='lat' dir='ltr'><strong><em>Carme·</em></strong></span> <span class='ocrx_word' id='word_1_353' title='bbox 841 3127 928 3190; x_wconf 85' lang='lat' dir='ltr'><strong><em>hrum</em></strong></span> <span class='ocrx_word' id='word_1_354' title='bbox 942 3120 1553 3204; x_wconf 78' lang='lat' dir='ltr'><strong><em>deinstructioneofficialiumord.Praod</em></strong></span> 
     </span>
     <span class='ocr_line' id='line_1_35' title="bbox 70 3209 1552 3298; baseline 0.001 -22"><span class='ocrx_word' id='word_1_355' title='bbox 70 3215 127 3277; x_wconf 90' lang='lat' dir='ltr'><strong><em>litici</em></strong></span> <span class='ocrx_word' id='word_1_356' title='bbox 144 3217 271 3280; x_wconf 87' lang='lat' dir='ltr'><strong><em>Scholac</em></strong></span> <span class='ocrx_word' id='word_1_357' title='bbox 289 3209 485 3298; x_wconf 81' lang='lat' dir='ltr'><strong><em>&#39;Theologicae</em></strong></span> <span class='ocrx_word' id='word_1_358' title='bbox 502 3217 581 3296; x_wconf 89' lang='lat' dir='ltr'><strong><em>apud</em></strong></span> <span class='ocrx_word' id='word_1_359' title='bbox 601 3217 784 3277; x_wconf 85' lang='lat' dir='ltr'><strong><em>Parisienses</em></strong></span> <span class='ocrx_word' id='word_1_360' title='bbox 838 3220 881 3279; x_wconf 89' lang='grc'><strong><em>04</em></strong></span> <span class='ocrx_word' id='word_1_361' title='bbox 896 3216 1060 3279; x_wconf 87' lang='lat' dir='ltr'><strong><em>eruditr&#39;one</em></strong></span> <span class='ocrx_word' id='word_1_362' title='bbox 1071 3215 1321 3277; x_wconf 85' lang='lat' dir='ltr'><strong><em>Praedicatorum</em></strong></span> <span class='ocrx_word' id='word_1_363' title='bbox 1334 3214 1552 3278; x_wconf 77' lang='lat' dir='ltr'><strong><em>annucmna</em></strong></span> 
     </span>
     <span class='ocr_line' id='line_1_36' title="bbox 71 3306 1553 3392; baseline 0.002 -24"><span class='ocrx_word' id='word_1_364' title='bbox 71 3310 91 3384; x_wconf 90' lang='grc'><strong><em>4)</em></strong></span> <span class='ocrx_word' id='word_1_365' title='bbox 109 3311 288 3386; x_wconf 75' lang='lat' dir='ltr'><strong><em>Moderatus,</em></strong></span> <span class='ocrx_word' id='word_1_366' title='bbox 308 3310 416 3373; x_wconf 87' lang='lat' dir='ltr'><strong><em>deinde</em></strong></span> <span class='ocrx_word' id='word_1_367' title='bbox 432 3311 600 3392; x_wconf 88' lang='lat' dir='ltr'><strong><em>Episcopus</em></strong></span> <span class='ocrx_word' id='word_1_368' title='bbox 616 3309 782 3384; x_wconf 83' lang='grc'><strong>1144444444,</strong></span> <span class='ocrx_word' id='word_1_369' title='bbox 838 3314 1015 3374; x_wconf 86' lang='lat' dir='ltr'><strong><em>Saracenos.</em></strong></span> <span class='ocrx_word' id='word_1_370' title='bbox 1041 3310 1135 3372; x_wconf 86' lang='lat' dir='ltr'><strong><em>Vitam</em></strong></span> <span class='ocrx_word' id='word_1_371' title='bbox 1156 3310 1190 3372; x_wconf 84' lang='lat' dir='ltr'><strong><em>S.</em></strong></span> <span class='ocrx_word' id='word_1_372' title='bbox 1220 3307 1377 3370; x_wconf 87' lang='lat' dir='ltr'><strong><em>Dominici.</em></strong></span> <span class='ocrx_word' id='word_1_373' title='bbox 1403 3306 1553 3390; x_wconf 84' lang='lat' dir='ltr'><strong><em>Epistulas</em></strong></span> 
     </span>
     <span class='ocr_line' id='line_1_37' title="bbox 73 3401 1549 3486; baseline 0 -22"><span class='ocrx_word' id='word_1_374' title='bbox 73 3404 455 3486; x_wconf 76' lang='lat' dir='ltr'><strong><em>Suffraganeusteodionsis</em></strong></span> <span class='ocrx_word' id='word_1_375' title='bbox 464 3403 492 3484; x_wconf 89' lang='grc'><strong><em>0)</em></strong></span> <span class='ocrx_word' id='word_1_376' title='bbox 500 3411 531 3466; x_wconf 89' lang='grc'><strong><em>44</em></strong></span> <span class='ocrx_word' id='word_1_377' title='bbox 541 3403 709 3466; x_wconf 83' lang='lat' dir='ltr'><strong><em>haereticae</em></strong></span> <span class='ocrx_word' id='word_1_378' title='bbox 719 3417 785 3480; x_wconf 90' lang='lat' dir='ltr'><strong><em>pra-</em></strong></span> <span class='ocrx_word' id='word_1_379' title='bbox 838 3403 1002 3486; x_wconf 77' lang='lat' dir='ltr'><strong><em>encyclicas</em></strong></span> <span class='ocrx_word' id='word_1_380' title='bbox 1022 3401 1064 3464; x_wconf 85' lang='lat' dir='ltr'><strong><em>ad</em></strong></span> <span class='ocrx_word' id='word_1_381' title='bbox 1077 3402 1258 3464; x_wconf 88' lang='lat' dir='ltr'><strong><em>uniuersum</em></strong></span> <span class='ocrx_word' id='word_1_382' title='bbox 1277 3401 1427 3467; x_wconf 84' lang='lat' dir='ltr'><strong><em>Ordinem.</em></strong></span> <span class='ocrx_word' id='word_1_383' title='bbox 1443 3405 1486 3464; x_wconf 84' lang='lat' dir='ltr'><strong><em>De</em></strong></span> <span class='ocrx_word' id='word_1_384' title='bbox 1502 3401 1549 3466; x_wconf 87' lang='lat' dir='ltr'><strong><em>ln&#39;s</em></strong></span> 
     </span>
     <span class='ocr_line' id='line_1_38' title="bbox 71 3493 1551 3582; baseline 0.002 -28"><span class='ocrx_word' id='word_1_385' title='bbox 71 3499 161 3559; x_wconf 86' lang='lat' dir='ltr'><strong><em>vitatis</em></strong></span> <span class='ocrx_word' id='word_1_386' title='bbox 181 3497 263 3578; x_wconf 91' lang='lat' dir='ltr'><strong><em>apud</em></strong></span> <span class='ocrx_word' id='word_1_387' title='bbox 285 3495 457 3560; x_wconf 89' lang='lat' dir='ltr'><strong><em>Leodiensis</em></strong></span> <span class='ocrx_word' id='word_1_388' title='bbox 489 3499 671 3578; x_wconf 86' lang='lat' dir='ltr'><strong><em>inquisitor,</em></strong></span> <span class='ocrx_word' id='word_1_389' title='bbox 704 3497 784 3557; x_wconf 90' lang='grc'><strong>44444</strong></span> <span class='ocrx_word' id='word_1_390' title='bbox 838 3495 1138 3582; x_wconf 83' lang='lat' dir='ltr'><strong><em>puaetroctandain</em></strong></span> <span class='ocrx_word' id='word_1_391' title='bbox 1155 3493 1286 3560; x_wconf 85' lang='lat' dir='ltr'><strong><em>Concilio</em></strong></span> <span class='ocrx_word' id='word_1_392' title='bbox 1302 3493 1394 3576; x_wconf 78' lang='lat' dir='ltr'><strong><em>Lupa</em></strong></span> <span class='ocrx_word' id='word_1_393' title='bbox 1411 3494 1551 3558; x_wconf 74' lang='lat' dir='ltr'><strong><em>nitu.</em></strong></span> 
     </span>
     <span class='ocr_line' id='line_1_39' title="bbox 70 3586 1552 3672; baseline 0.002 -23"><span class='ocrx_word' id='word_1_394' title='bbox 70 3588 179 3654; x_wconf 86' lang='grc'><strong>11444444</strong></span> <span class='ocrx_word' id='word_1_395' title='bbox 194 3592 281 3654; x_wconf 84' lang='grc'><strong>4400.</strong></span> <span class='ocrx_word' id='word_1_396' title='bbox 294 3592 320 3667; x_wconf 88' lang='grc'><strong><em>4)</em></strong></span> <span class='ocrx_word' id='word_1_397' title='bbox 332 3593 459 3671; x_wconf 89' lang='lat' dir='ltr'><strong><em>Scripsit</em></strong></span> <span class='ocrx_word' id='word_1_398' title='bbox 470 3591 500 3652; x_wconf 89' lang='lat' dir='ltr'><strong><em>in</em></strong></span> <span class='ocrx_word' id='word_1_399' title='bbox 511 3587 709 3672; x_wconf 83' lang='lat' dir='ltr'><strong><em>linonpelium</em></strong></span> <span class='ocrx_word' id='word_1_400' title='bbox 721 3591 784 3650; x_wconf 87' lang='lat' dir='ltr'><strong><em>Lu·</em></strong></span> <span class='ocrx_word' id='word_1_401' title='bbox 840 3593 1006 3659; x_wconf 79' lang='lat' dir='ltr'><strong><em>Cironium</em></strong></span> <span class='ocrx_word' id='word_1_402' title='bbox 1022 3589 1144 3653; x_wconf 84' lang='lat' dir='ltr'><strong><em>Ordinis</em></strong></span> <span class='ocrx_word' id='word_1_403' title='bbox 1158 3587 1198 3652; x_wconf 88' lang='grc'><strong><em>40</em></strong></span> <span class='ocrx_word' id='word_1_404' title='bbox 1214 3586 1552 3666; x_wconf 69' lang='grc'><strong>4444414044444454.</strong></span> 
     </span>
     <span class='ocr_line' id='line_1_40' title="bbox 71 3681 1617 3766; baseline 0.001 -24"><span class='ocrx_word' id='word_1_405' title='bbox 71 3697 122 3742; x_wconf 87' lang='lat' dir='ltr'><strong><em>coe.</em></strong></span> <span class='ocrx_word' id='word_1_406' title='bbox 132 3683 173 3744; x_wconf 87' lang='grc'><strong><em>414</em></strong></span> <span class='ocrx_word' id='word_1_407' title='bbox 184 3699 328 3764; x_wconf 81' lang='lat' dir='ltr'><strong><em>repemina</em></strong></span> <span class='ocrx_word' id='word_1_408' title='bbox 346 3683 529 3766; x_wconf 76' lang='lat' dir='ltr'><strong><em>Principum.</em></strong></span> <span class='ocrx_word' id='word_1_409' title='bbox 540 3685 583 3746; x_wconf 86' lang='lat' dir='ltr'><strong><em>De</em></strong></span> <span class='ocrx_word' id='word_1_410' title='bbox 599 3681 785 3744; x_wconf 87' lang='lat' dir='ltr'><strong><em>immunitate</em></strong></span> <span class='ocrx_word' id='word_1_411' title='bbox 837 3687 971 3766; x_wconf 88' lang='lat' dir='ltr'><strong><em>Epistola</em></strong></span> <span class='ocrx_word' id='word_1_412' title='bbox 992 3683 1028 3748; x_wconf 83' lang='lat' dir='ltr'><strong><em>de</em></strong></span> <span class='ocrx_word' id='word_1_413' title='bbox 1045 3682 1143 3746; x_wconf 83' lang='lat' dir='ltr'><strong><em>tribus</em></strong></span> <span class='ocrx_word' id='word_1_414' title='bbox 1163 3682 1246 3746; x_wconf 83' lang='lat' dir='ltr'><strong><em>uott&#39;s</em></strong></span> <span class='ocrx_word' id='word_1_415' title='bbox 1270 3681 1315 3744; x_wconf 87' lang='lat' dir='ltr'><strong><em>De</em></strong></span> <span class='ocrx_word' id='word_1_416' title='bbox 1328 3687 1438 3763; x_wconf 87' lang='lat' dir='ltr'><strong><em>septam</em></strong></span> <span class='ocrx_word' id='word_1_417' title='bbox 1449 3681 1555 3760; x_wconf 82' lang='lat' dir='ltr'><strong><em>pradi-</em></strong></span> <span class='ocrx_word' id='word_1_418' title='bbox 1614 3693 1617 3700; x_wconf 65' lang='lat'><strong>⁴</strong></span> 
     </span>
     <span class='ocr_line' id='line_1_41' title="bbox 71 3773 1555 3866; baseline 0.002 -33"><span class='ocrx_word' id='word_1_419' title='bbox 71 3773 279 3838; x_wconf 64' lang='lat' dir='ltr'><strong><em>decimiustiua</em></strong></span> <span class='ocrx_word' id='word_1_420' title='bbox 302 3777 386 3856; x_wconf 91' lang='lat' dir='ltr'><strong><em>Opus</em></strong></span> <span class='ocrx_word' id='word_1_421' title='bbox 403 3781 640 3866; x_wconf 85' lang='lat' dir='ltr'><strong><em>propositionum</em></strong></span> <span class='ocrx_word' id='word_1_422' title='bbox 656 3777 782 3840; x_wconf 80' lang='grc'><strong>14141111.</strong></span> <span class='ocrx_word' id='word_1_423' title='bbox 842 3777 899 3842; x_wconf 85' lang='lat' dir='ltr'><strong><em>bus</em></strong></span> <span class='ocrx_word' id='word_1_424' title='bbox 920 3777 1180 3859; x_wconf 78' lang='lat' dir='ltr'><strong><em>contemplationes.</em></strong></span> <span class='ocrx_word' id='word_1_425' title='bbox 1198 3775 1439 3838; x_wconf 85' lang='lat' dir='ltr'><strong><em>Deabnndantia</em></strong></span> <span class='ocrx_word' id='word_1_426' title='bbox 1452 3793 1555 3837; x_wconf 81' lang='lat' dir='ltr'><strong><em>emam</em></strong></span> 
     </span>
     <span class='ocr_line' id='line_1_42' title="bbox 73 3865 1552 3952; baseline 0.003 -27"><span class='ocrx_word' id='word_1_427' title='bbox 73 3875 165 3930; x_wconf 88' lang='lat' dir='ltr'><strong><em>contro</em></strong></span> <span class='ocrx_word' id='word_1_428' title='bbox 185 3868 354 3931; x_wconf 78' lang='lat' dir='ltr'><strong><em>haereticos</em></strong></span> <span class='ocrx_word' id='word_1_429' title='bbox 385 3869 574 3933; x_wconf 85' lang='lat' dir='ltr'><strong><em>Niuellenses</em></strong></span> <span class='ocrx_word' id='word_1_430' title='bbox 607 3873 657 3948; x_wconf 88' lang='lat' dir='ltr'><strong><em>(ita</em></strong></span> <span class='ocrx_word' id='word_1_431' title='bbox 677 3868 783 3930; x_wconf 84' lang='lat' dir='ltr'><strong><em>dictos</em></strong></span> <span class='ocrx_word' id='word_1_432' title='bbox 832 3871 955 3952; x_wconf 88' lang='lat' dir='ltr'><strong><em>plorum</em></strong></span> <span class='ocrx_word' id='word_1_433' title='bbox 971 3889 1010 3932; x_wconf 81' lang='lat' dir='ltr'><strong><em>ex</em></strong></span> <span class='ocrx_word' id='word_1_434' title='bbox 1025 3870 1228 3933; x_wconf 79' lang='lat' dir='ltr'><em>STEPHANI</em></span> <span class='ocrx_word' id='word_1_435' title='bbox 1241 3868 1276 3930; x_wconf 86' lang='lat' dir='ltr'><strong><em>de</em></strong></span> <span class='ocrx_word' id='word_1_436' title='bbox 1292 3865 1426 3928; x_wconf 84' lang='lat' dir='ltr'><strong><em>Borbone</em></strong></span> <span class='ocrx_word' id='word_1_437' title='bbox 1443 3885 1552 3946; x_wconf 89' lang='lat' dir='ltr'><strong><em>magno</em></strong></span> 
     </span>
     <span class='ocr_line' id='line_1_43' title="bbox 72 3935 1556 4044; baseline 0.001 -25"><span class='ocrx_word' id='word_1_438' title='bbox 72 3961 103 4020; x_wconf 89' lang='lat' dir='ltr'><strong><em>ab</em></strong></span> <span class='ocrx_word' id='word_1_439' title='bbox 120 3963 205 4042; x_wconf 89' lang='lat' dir='ltr'><strong><em>opido</em></strong></span> <span class='ocrx_word' id='word_1_440' title='bbox 227 3964 306 4042; x_wconf 83' lang='lat' dir='ltr'><strong><em>Beig</em></strong></span> <span class='ocrx_word' id='word_1_441' title='bbox 280 3965 317 4022; x_wconf 78' lang='lat' dir='ltr'><strong><em>&lt;ni</em></strong></span> <span class='ocrx_word' id='word_1_442' title='bbox 338 3963 483 4044; x_wconf 88' lang='lat' dir='ltr'><strong><em>Nivigelia</em></strong></span> <span class='ocrx_word' id='word_1_443' title='bbox 504 3966 570 4024; x_wconf 87' lang='lat' dir='ltr'><strong><em>sive</em></strong></span> <span class='ocrx_word' id='word_1_444' title='bbox 591 3962 687 4023; x_wconf 87' lang='lat' dir='ltr'><strong><em>Nivaii</em></strong></span> <span class='ocrx_word' id='word_1_445' title='bbox 698 3962 715 4035; x_wconf 79' lang='lat' dir='ltr'><strong><em>z)</em></strong></span> <span class='ocrx_word' id='word_1_446' title='bbox 737 3961 794 4022; x_wconf 86' lang='lat' dir='ltr'><strong><em>De</em></strong></span> <span class='ocrx_word' id='word_1_447' title='bbox 837 3963 910 4024; x_wconf 86' lang='lat' dir='ltr'><strong><em>libro</em></strong></span> <span class='ocrx_word' id='word_1_448' title='bbox 931 3962 968 4022; x_wconf 92' lang='lat' dir='ltr'><strong><em>de</em></strong></span> <span class='ocrx_word' id='word_1_449' title='bbox 990 3969 1106 4040; x_wconf 86' lang='lat' dir='ltr'><strong><em>septem</em></strong></span> <span class='ocrx_word' id='word_1_450' title='bbox 1128 3935 1215 4022; x_wconf 92' lang='lat' dir='ltr'><strong><em>donis</em></strong></span> <span class='ocrx_word' id='word_1_451' title='bbox 1236 3961 1366 4039; x_wconf 90' lang='lat' dir='ltr'><strong><em>Spiritus</em></strong></span> <span class='ocrx_word' id='word_1_452' title='bbox 1387 3961 1418 4020; x_wconf 84' lang='lat' dir='ltr'><strong><em>S.</em></strong></span> <span class='ocrx_word' id='word_1_453' title='bbox 1442 3958 1489 4020; x_wconf 84' lang='lat' dir='ltr'><strong><em>De</em></strong></span> <span class='ocrx_word' id='word_1_454' title='bbox 1505 3977 1556 4021; x_wconf 86' lang='lat' dir='ltr'><strong><em>ue-</em></strong></span> 
     </span>
    </p>
   </div>
   <div class='ocr_carea' id='block_1_3' title="bbox 72 4053 1562 4194">
    <p class='ocr_par' dir='ltr' id='par_1_3' title="bbox 72 4053 1547 4194">
     <span class='ocr_line' id='line_1_44' title="bbox 72 4053 783 4136; baseline -0.004 -17"><span class='ocrx_word' id='word_1_455' title='bbox 72 4053 398 4136; x_wconf 70' lang='lat' dir='ltr'><strong><em>neumnensium</em></strong></span> <span class='ocrx_word' id='word_1_456' title='bbox 419 4057 607 4117; x_wconf 86' lang='lat' dir='ltr'><strong><em>Francorum</em></strong></span> <span class='ocrx_word' id='word_1_457' title='bbox 633 4059 662 4115; x_wconf 90' lang='lat' dir='ltr'><strong><em>et</em></strong></span> <span class='ocrx_word' id='word_1_458' title='bbox 688 4053 783 4133; x_wconf 82' lang='lat' dir='ltr'><strong><em>pestis</em></strong></span> 
     </span>
     <span class='ocr_line' id='line_1_45' title="bbox 876 4128 1562 4194; baseline 0 -13"><span class='ocrx_word' id='word_1_459' title='bbox 876 4129 1002 4194; x_wconf 80' lang='grc'><strong>4)1.114414</strong></span> <span class='ocrx_word' id='word_1_460' title='bbox 1022 4131 1236 4192; x_wconf 83' lang='lat' dir='ltr'><strong><em>quatuordecim:</em></strong></span> <span class='ocrx_word' id='word_1_461' title='bbox 1254 4128 1280 4178; x_wconf 82' lang='lat' dir='ltr'><strong><em>n</em></strong></span> <span class='ocrx_word' id='word_1_462' title='bbox 1296 4129 1562 4190; x_wconf 70' lang='grc'><strong>0444144444,2)144-</strong></span> 
     </span>
    </p>
   </div>
   <div class='ocr_carea' id='block_1_4' title="bbox 72 4203 1562 4646">
    <p class='ocr_par' dir='ltr' id='par_1_4' title="bbox 74 4203 1562 4344">
     <span class='ocr_line' id='line_1_46' title="bbox 108 4203 1562 4277; baseline 0.004 -17"><span class='ocrx_word' id='word_1_463' title='bbox 108 4212 131 4274; x_wconf 73' lang='grc'><strong><em>4)</em></strong></span> <span class='ocrx_word' id='word_1_464' title='bbox 151 4213 396 4266; x_wconf 73' lang='lat' dir='ltr'><strong><em>emorrannum</em></strong></span> <span class='ocrx_word' id='word_1_465' title='bbox 413 4215 445 4265; x_wconf 89' lang='lat' dir='ltr'><strong><em>n.</em></strong></span> <span class='ocrx_word' id='word_1_466' title='bbox 461 4211 501 4264; x_wconf 82' lang='grc'><strong><em>44.</em></strong></span> <span class='ocrx_word' id='word_1_467' title='bbox 517 4211 787 4277; x_wconf 72' lang='lat' dir='ltr'><strong><em>nenegumnnrpre·</em></strong></span> <span class='ocrx_word' id='word_1_468' title='bbox 837 4205 978 4268; x_wconf 76' lang='grc'><strong>44414414.</strong></span> <span class='ocrx_word' id='word_1_469' title='bbox 1001 4205 1028 4266; x_wconf 77' lang='lat'><strong><em>⁵)</em></strong></span> <span class='ocrx_word' id='word_1_470' title='bbox 1055 4203 1225 4266; x_wconf 70' lang='lat' dir='ltr'><strong><em>centenurii,</em></strong></span> <span class='ocrx_word' id='word_1_471' title='bbox 1247 4204 1275 4266; x_wconf 87' lang='grc'><strong>0</strong></span> <span class='ocrx_word' id='word_1_472' title='bbox 1290 4206 1513 4267; x_wconf 66' lang='lat' dir='ltr'><strong><em>neocesareae,</em></strong></span> <span class='ocrx_word' id='word_1_473' title='bbox 1534 4205 1562 4266; x_wconf 81' lang='lat' dir='ltr'><strong><em>s)</em></strong></span> 
     </span>
     <span class='ocr_line' id='line_1_47' title="bbox 74 4277 1562 4344; baseline 0.002 -13"><span class='ocrx_word' id='word_1_474' title='bbox 74 4283 147 4340; x_wconf 82' lang='grc'><strong>0444.</strong></span> <span class='ocrx_word' id='word_1_475' title='bbox 833 4282 974 4344; x_wconf 68' lang='lat' dir='ltr'><strong><em>imiteris,</em></strong></span> <span class='ocrx_word' id='word_1_476' title='bbox 991 4277 1018 4342; x_wconf 86' lang='grc'><strong><em>0)</em></strong></span> <span class='ocrx_word' id='word_1_477' title='bbox 1034 4281 1178 4340; x_wconf 82' lang='grc'><strong>1444444444,</strong></span> <span class='ocrx_word' id='word_1_478' title='bbox 1194 4280 1224 4342; x_wconf 86' lang='grc'><strong><em>7)</em></strong></span> <span class='ocrx_word' id='word_1_479' title='bbox 1248 4281 1424 4340; x_wconf 75' lang='lat' dir='ltr'><strong><em>tertionaria,</em></strong></span> <span class='ocrx_word' id='word_1_480' title='bbox 1450 4279 1477 4342; x_wconf 84' lang='grc'><strong><em>8)</em></strong></span> <span class='ocrx_word' id='word_1_481' title='bbox 1509 4287 1562 4334; x_wconf 80' lang='grc'><strong><em>44-</em></strong></span> 
     </span>
    </p>

    <p class='ocr_par' dir='ltr' id='par_1_5' title="bbox 109 4354 1561 4426">
     <span class='ocr_line' id='line_1_48' title="bbox 109 4354 1561 4426; baseline 0.001 -17"><span class='ocrx_word' id='word_1_482' title='bbox 109 4361 135 4422; x_wconf 82' lang='grc'><strong><em>4)</em></strong></span> <span class='ocrx_word' id='word_1_483' title='bbox 153 4361 241 4426; x_wconf 75' lang='lat' dir='ltr'><strong><em>ategre</em></strong></span> <span class='ocrx_word' id='word_1_484' title='bbox 257 4375 285 4426; x_wconf 90' lang='lat' dir='ltr'><strong><em>p.</em></strong></span> <span class='ocrx_word' id='word_1_485' title='bbox 299 4362 357 4414; x_wconf 72' lang='grc'><strong>404.</strong></span> <span class='ocrx_word' id='word_1_486' title='bbox 372 4361 483 4425; x_wconf 76' lang='lat' dir='ltr'><strong><em>perram</em></strong></span> <span class='ocrx_word' id='word_1_487' title='bbox 498 4359 651 4412; x_wconf 81' lang='lat' dir='ltr'><strong><em>carmeltttci</em></strong></span> <span class='ocrx_word' id='word_1_488' title='bbox 667 4362 772 4412; x_wconf 83' lang='lat' dir='ltr'><strong><em>decoris.</em></strong></span> <span class='ocrx_word' id='word_1_489' title='bbox 832 4355 995 4420; x_wconf 81' lang='lat' dir='ltr'><strong><em>tiphonrrtc,</em></strong></span> <span class='ocrx_word' id='word_1_490' title='bbox 1010 4354 1037 4419; x_wconf 83' lang='grc'><strong><em>0)</em></strong></span> <span class='ocrx_word' id='word_1_491' title='bbox 1054 4355 1198 4418; x_wconf 81' lang='lat' dir='ltr'><strong><em>(traducit,</em></strong></span> <span class='ocrx_word' id='word_1_492' title='bbox 1216 4355 1257 4419; x_wconf 90' lang='grc'><strong><em>40)</em></strong></span> <span class='ocrx_word' id='word_1_493' title='bbox 1272 4356 1431 4418; x_wconf 75' lang='lat' dir='ltr'><strong><em>rupturis,</em></strong></span> <span class='ocrx_word' id='word_1_494' title='bbox 1450 4355 1561 4418; x_wconf 67' lang='grc'><strong>10114·</strong></span> 
     </span>
    </p>

    <p class='ocr_par' dir='ltr' id='par_1_6' title="bbox 109 4427 1562 4498">
     <span class='ocr_line' id='line_1_49' title="bbox 109 4427 1562 4498; baseline -0.002 -11"><span class='ocrx_word' id='word_1_495' title='bbox 109 4435 133 4498; x_wconf 84' lang='lat' dir='ltr'><strong><em>e)</em></strong></span> <span class='ocrx_word' id='word_1_496' title='bbox 149 4439 232 4490; x_wconf 75' lang='lat' dir='ltr'><strong><em>stitus</em></strong></span> <span class='ocrx_word' id='word_1_497' title='bbox 247 4441 350 4490; x_wconf 79' lang='grc'><strong>044444.</strong></span> <span class='ocrx_word' id='word_1_498' title='bbox 366 4437 411 4491; x_wconf 79' lang='lat' dir='ltr'><strong><em>tin.</em></strong></span> <span class='ocrx_word' id='word_1_499' title='bbox 427 4435 548 4486; x_wconf 60' lang='grc'><strong>1414441.</strong></span> <span class='ocrx_word' id='word_1_500' title='bbox 564 4437 588 4487; x_wconf 77' lang='lat' dir='ltr'><strong><em>s.</em></strong></span> <span class='ocrx_word' id='word_1_501' title='bbox 605 4448 631 4498; x_wconf 89' lang='lat' dir='ltr'><strong><em>p.</em></strong></span> <span class='ocrx_word' id='word_1_502' title='bbox 645 4433 702 4487; x_wconf 83' lang='lat' dir='ltr'><strong><em>stt.</em></strong></span> <span class='ocrx_word' id='word_1_503' title='bbox 831 4431 877 4485; x_wconf 84' lang='lat' dir='ltr'><strong><em>snit</em></strong></span> <span class='ocrx_word' id='word_1_504' title='bbox 894 4429 1077 4490; x_wconf 65' lang='lat' dir='ltr'><strong><em>mensurarit,</em></strong></span> <span class='ocrx_word' id='word_1_505' title='bbox 1095 4429 1132 4479; x_wconf 75' lang='lat'><strong><em>12.</em></strong></span> <span class='ocrx_word' id='word_1_506' title='bbox 1148 4431 1317 4493; x_wconf 81' lang='lat' dir='ltr'><strong><em>Epistolcrto,</em></strong></span> <span class='ocrx_word' id='word_1_507' title='bbox 1336 4427 1376 4489; x_wconf 86' lang='grc'><strong>141)</strong></span> <span class='ocrx_word' id='word_1_508' title='bbox 1387 4431 1562 4494; x_wconf 74' lang='lat' dir='ltr'><strong><em>evangelum·</em></strong></span> 
     </span>
    </p>

    <p class='ocr_par' dir='ltr' id='par_1_7' title="bbox 72 4501 1562 4646">
     <span class='ocr_line' id='line_1_50' title="bbox 109 4501 1562 4578; baseline 0 -18"><span class='ocrx_word' id='word_1_509' title='bbox 109 4509 136 4572; x_wconf 87' lang='lat' dir='ltr'><strong><em>d)</em></strong></span> <span class='ocrx_word' id='word_1_510' title='bbox 151 4513 258 4564; x_wconf 83' lang='lat' dir='ltr'><strong><em>teeobus</em></strong></span> <span class='ocrx_word' id='word_1_511' title='bbox 273 4515 300 4562; x_wconf 86' lang='grc'><strong><em>14</em></strong></span> <span class='ocrx_word' id='word_1_512' title='bbox 319 4516 399 4576; x_wconf 73' lang='lat' dir='ltr'><strong><em>tona.</em></strong></span> <span class='ocrx_word' id='word_1_513' title='bbox 415 4526 441 4578; x_wconf 89' lang='lat' dir='ltr'><strong><em>p.</em></strong></span> <span class='ocrx_word' id='word_1_514' title='bbox 458 4505 514 4562; x_wconf 79' lang='grc'><strong>844.</strong></span> <span class='ocrx_word' id='word_1_515' title='bbox 531 4509 652 4562; x_wconf 67' lang='lat' dir='ltr'><strong><em>biblioth.</em></strong></span> <span class='ocrx_word' id='word_1_516' title='bbox 678 4508 787 4562; x_wconf 83' lang='grc'><strong>01011444</strong></span> <span class='ocrx_word' id='word_1_517' title='bbox 832 4509 871 4556; x_wconf 91' lang='grc'><strong><em>414</em></strong></span> <span class='ocrx_word' id='word_1_518' title='bbox 886 4512 921 4556; x_wconf 86' lang='grc'><strong><em>44.</em></strong></span> <span class='ocrx_word' id='word_1_519' title='bbox 939 4501 980 4562; x_wconf 90' lang='grc'><strong><em>14)</em></strong></span> <span class='ocrx_word' id='word_1_520' title='bbox 996 4505 1089 4556; x_wconf 84' lang='grc'><strong>44144414</strong></span> <span class='ocrx_word' id='word_1_521' title='bbox 1107 4508 1234 4557; x_wconf 84' lang='lat' dir='ltr'><strong><em>minorum</em></strong></span> <span class='ocrx_word' id='word_1_522' title='bbox 1251 4503 1386 4568; x_wconf 76' lang='lat' dir='ltr'><strong><em>alterium,</em></strong></span> <span class='ocrx_word' id='word_1_523' title='bbox 1405 4506 1468 4556; x_wconf 79' lang='lat' dir='ltr'><strong><em>vide</em></strong></span> <span class='ocrx_word' id='word_1_524' title='bbox 1486 4512 1562 4560; x_wconf 83' lang='grc'><strong>4444-</strong></span> 
     </span>
     <span class='ocr_line' id='line_1_51' title="bbox 72 4579 1356 4646; baseline -0.002 -15"><span class='ocrx_word' id='word_1_525' title='bbox 72 4587 212 4646; x_wconf 73' lang='lat' dir='ltr'><strong><em>exegeticus.</em></strong></span> <span class='ocrx_word' id='word_1_526' title='bbox 835 4581 896 4630; x_wconf 83' lang='lat' dir='ltr'><strong><em>bum</em></strong></span> <span class='ocrx_word' id='word_1_527' title='bbox 912 4580 1000 4638; x_wconf 78' lang='grc'><strong>044441</strong></span> <span class='ocrx_word' id='word_1_528' title='bbox 1011 4586 1074 4630; x_wconf 88' lang='lat' dir='ltr'><strong><em>tom.</em></strong></span> <span class='ocrx_word' id='word_1_529' title='bbox 1092 4579 1115 4630; x_wconf 89' lang='grc'><strong><em>4.</em></strong></span> <span class='ocrx_word' id='word_1_530' title='bbox 1132 4591 1190 4644; x_wconf 81' lang='lat' dir='ltr'><strong><em>pag.</em></strong></span> <span class='ocrx_word' id='word_1_531' title='bbox 1207 4579 1262 4631; x_wconf 77' lang='grc'><strong>445.</strong></span> <span class='ocrx_word' id='word_1_532' title='bbox 1279 4592 1318 4643; x_wconf 84' lang='lat' dir='ltr'><strong><em>sq.</em></strong></span> <span class='ocrx_word' id='word_1_533' title='bbox 1353 4603 1356 4610; x_wconf 48' lang='lat'><strong>⁴</strong></span> 
     </span>
    </p>
   </div>
   <div class='ocr_carea' id='block_1_5' title="bbox 112 4653 1582 4730">
    <p class='ocr_par' dir='ltr' id='par_1_8' title="bbox 112 4653 1582 4730">
     <span class='ocr_line' id='line_1_52' title="bbox 112 4653 1582 4730; baseline 0.003 -22"><span class='ocrx_word' id='word_1_534' title='bbox 112 4659 137 4720; x_wconf 86' lang='lat' dir='ltr'><strong><em>e)</em></strong></span> <span class='ocrx_word' id='word_1_535' title='bbox 155 4661 310 4714; x_wconf 72' lang='lat' dir='ltr'><strong><em>trithemius</em></strong></span> <span class='ocrx_word' id='word_1_536' title='bbox 327 4675 351 4713; x_wconf 88' lang='grc'><strong><em>4.</em></strong></span> <span class='ocrx_word' id='word_1_537' title='bbox 366 4659 423 4714; x_wconf 78' lang='lat' dir='ltr'><strong><em>ms.</em></strong></span> <span class='ocrx_word' id='word_1_538' title='bbox 438 4662 607 4724; x_wconf 75' lang='lat' dir='ltr'><strong><em>Pousrtnus,</em></strong></span> <span class='ocrx_word' id='word_1_539' title='bbox 620 4661 790 4712; x_wconf 76' lang='grc'><strong>4414444444·</strong></span> <span class='ocrx_word' id='word_1_540' title='bbox 878 4654 906 4714; x_wconf 83' lang='grc'><strong><em>14)</em></strong></span> <span class='ocrx_word' id='word_1_541' title='bbox 923 4653 1070 4717; x_wconf 78' lang='grc'><strong>1444144444,</strong></span> <span class='ocrx_word' id='word_1_542' title='bbox 1089 4655 1193 4706; x_wconf 81' lang='lat' dir='ltr'><strong><em>alteram</em></strong></span> <span class='ocrx_word' id='word_1_543' title='bbox 1210 4668 1256 4720; x_wconf 86' lang='lat' dir='ltr'><strong><em>pro</em></strong></span> <span class='ocrx_word' id='word_1_544' title='bbox 1273 4657 1344 4720; x_wconf 82' lang='lat' dir='ltr'><strong><em>virts,</em></strong></span> <span class='ocrx_word' id='word_1_545' title='bbox 1357 4669 1403 4722; x_wconf 90' lang='lat' dir='ltr'><strong><em>pro</em></strong></span> <span class='ocrx_word' id='word_1_546' title='bbox 1414 4659 1582 4730; x_wconf 64' lang='lat' dir='ltr'><strong><em>mutieribus]</em></strong></span> 
     </span>
    </p>
   </div>
   <div class='ocr_carea' id='block_1_6' title="bbox 70 4729 950 4790">
    <p class='ocr_par' dir='ltr' id='par_1_9' title="bbox 70 4729 950 4790">
     <span class='ocr_line' id='line_1_53' title="bbox 70 4729 950 4790; baseline -0.006 -5"><span class='ocrx_word' id='word_1_547' title='bbox 70 4731 291 4788; x_wconf 62' lang='lat' dir='ltr'><strong><em>diminutius</em></strong></span> <span class='ocrx_word' id='word_1_548' title='bbox 309 4743 359 4790; x_wconf 85' lang='lat' dir='ltr'><strong><em>etc.</em></strong></span> <span class='ocrx_word' id='word_1_549' title='bbox 834 4729 950 4780; x_wconf 84' lang='grc'><strong>41144444.</strong></span> 
     </span>
    </p>
   </div>
   <div class='ocr_carea' id='block_1_7' title="bbox 1279 4839 1336 4899">
    <p class='ocr_par' dir='ltr' id='par_1_10' title="bbox 1279 4839 1336 4899">
     <span class='ocr_line' id='line_1_54' title="bbox 1279 4839 1336 4899; baseline -0.035 0"><span class='ocrx_word' id='word_1_550' title='bbox 1279 4839 1336 4899; x_wconf 86' lang='grc'><strong><em>443</em></strong></span> 
     </span>
    </p>
   </div>
   <div class='ocr_carea' id='block_1_8' title="bbox 0 0 1787 5582">
    <p class='ocr_par' dir='ltr' id='par_1_11' title="bbox 0 0 1787 5582">
     <span class='ocr_line' id='line_1_55' title="bbox 0 0 1787 5582; baseline 0 0"><span class='ocrx_word' id='word_1_551' title='bbox 0 0 1787 5582; x_wconf 95' lang='lat' dir='ltr'><strong><em> </em></strong></span> 
     </span>
    </p>
   </div>
  </div>
 </body>
</html>
