<?xml version="1.0" encoding="UTF-8"?>
<!DOCTYPE html PUBLIC "-//W3C//DTD XHTML 1.0 Transitional//EN"
    "http://www.w3.org/TR/xhtml1/DTD/xhtml1-transitional.dtd">
<html xmlns="http://www.w3.org/1999/xhtml" xml:lang="en" lang="en">
 <head>
  <title>
</title>
<meta http-equiv="Content-Type" content="text/html;charset=utf-8" />
  <meta name='ocr-system' content='tesseract 3.04.00' />
  <meta name='ocr-capabilities' content='ocr_page ocr_carea ocr_par ocr_line ocrx_word'/>
</head>
<body>
  <div class='ocr_page' id='page_1' title='image "./bibliothecalati00schgoog/bibliothecalati00schgoog_0229.png"; bbox 0 0 3368 5536; ppageno 0'>
   <div class='ocr_carea' id='block_1_1' title="bbox 151 80 1087 188">
    <p class='ocr_par' dir='ltr' id='par_1_1' title="bbox 151 80 1087 188">
     <span class='ocr_line' id='line_1_1' title="bbox 151 80 1087 188; baseline -0.001 -1"><span class='ocrx_word' id='word_1_1' title='bbox 151 123 212 187; x_wconf 77' lang='lat' dir='ltr'>aaa</span> <span class='ocrx_word' id='word_1_2' title='bbox 708 80 1087 188; x_wconf 57' lang='lat' dir='ltr'>urano&#39;nruus</span> 
     </span>
    </p>
   </div>
   <div class='ocr_carea' id='block_1_2' title="bbox 53 231 1665 4530">
    <p class='ocr_par' dir='ltr' id='par_1_2' title="bbox 53 231 1665 4530">
     <span class='ocr_line' id='line_1_2' title="bbox 146 231 1634 312; baseline 0.003 -21"><span class='ocrx_word' id='word_1_3' title='bbox 146 232 301 294; x_wconf 79' lang='lat' dir='ltr'><strong>invasione</strong></span> <span class='ocrx_word' id='word_1_4' title='bbox 319 231 510 293; x_wconf 83' lang='lat' dir='ltr'>Foruliviensi</span> <span class='ocrx_word' id='word_1_5' title='bbox 535 233 613 292; x_wconf 88' lang='lat' dir='ltr'>inter</span> <span class='ocrx_word' id='word_1_6' title='bbox 626 231 767 292; x_wconf 79' lang='lat' dir='ltr'><strong>mortales</strong></span> <span class='ocrx_word' id='word_1_7' title='bbox 784 237 862 310; x_wconf 87' lang='lat' dir='ltr'>egis-</span> <span class='ocrx_word' id='word_1_8' title='bbox 919 236 990 295; x_wconf 87' lang='lat' dir='ltr'>tiani</span> <span class='ocrx_word' id='word_1_9' title='bbox 1005 235 1079 296; x_wconf 93' lang='lat' dir='ltr'>libro</span> <span class='ocrx_word' id='word_1_10' title='bbox 1090 238 1209 311; x_wconf 89' lang='lat' dir='ltr'>quarto.</span> <span class='ocrx_word' id='word_1_11' title='bbox 1224 233 1381 312; x_wconf 73' lang='grc'><strong>40404000.</strong></span> <span class='ocrx_word' id='word_1_12' title='bbox 1393 233 1445 295; x_wconf 88' lang='grc'>464</span> <span class='ocrx_word' id='word_1_13' title='bbox 1453 234 1482 293; x_wconf 89' lang='grc'>3.</span> <span class='ocrx_word' id='word_1_14' title='bbox 1491 237 1519 294; x_wconf 92' lang='grc'>8.</span> <span class='ocrx_word' id='word_1_15' title='bbox 1532 236 1574 295; x_wconf 85' lang='lat' dir='ltr'>De</span> <span class='ocrx_word' id='word_1_16' title='bbox 1585 235 1634 295; x_wconf 87' lang='lat' dir='ltr'>bor</span> 
     </span>
     <span class='ocr_line' id='line_1_3' title="bbox 116 321 1384 404; baseline -0.001 -18"><span class='ocrx_word' id='word_1_17' title='bbox 116 321 119 328; x_wconf 77' lang='grc'>’</span> <span class='ocrx_word' id='word_1_18' title='bbox 145 331 205 386; x_wconf 85' lang='lat' dir='ltr'>set.</span> <span class='ocrx_word' id='word_1_19' title='bbox 217 325 291 399; x_wconf 86' lang='lat' dir='ltr'>Quis</span> <span class='ocrx_word' id='word_1_20' title='bbox 302 327 383 385; x_wconf 89' lang='lat' dir='ltr'>enim</span> <span class='ocrx_word' id='word_1_21' title='bbox 397 323 502 384; x_wconf 87' lang='lat' dir='ltr'>credat</span> <span class='ocrx_word' id='word_1_22' title='bbox 513 331 575 385; x_wconf 87' lang='lat' dir='ltr'>tam</span> <span class='ocrx_word' id='word_1_23' title='bbox 591 325 749 402; x_wconf 88' lang='lat' dir='ltr'>longevam</span> <span class='ocrx_word' id='word_1_24' title='bbox 766 328 861 388; x_wconf 89' lang='lat' dir='ltr'>vitam</span> <span class='ocrx_word' id='word_1_25' title='bbox 917 328 1098 404; x_wconf 74' lang='lat' dir='ltr'>Hieronymo</span> <span class='ocrx_word' id='word_1_26' title='bbox 1115 326 1243 386; x_wconf 81' lang='lat' dir='ltr'>Vossius</span> <span class='ocrx_word' id='word_1_27' title='bbox 1260 342 1289 404; x_wconf 94' lang='lat' dir='ltr'>p.</span> <span class='ocrx_word' id='word_1_28' title='bbox 1314 325 1384 387; x_wconf 81' lang='grc'><strong>657.</strong></span> 
     </span>
     <span class='ocr_line' id='line_1_4' title="bbox 145 417 1637 499; baseline 0.003 -20"><span class='ocrx_word' id='word_1_29' title='bbox 145 417 319 480; x_wconf 70' lang='lat' dir='ltr'>muniisse</span> <span class='ocrx_word' id='word_1_30' title='bbox 331 425 365 480; x_wconf 91' lang='lat' dir='ltr'>ut</span> <span class='ocrx_word' id='word_1_31' title='bbox 374 419 544 497; x_wconf 88' lang='lat' dir='ltr'>pertingere</span> <span class='ocrx_word' id='word_1_32' title='bbox 555 425 658 497; x_wconf 92' lang='lat' dir='ltr'>posset</span> <span class='ocrx_word' id='word_1_33' title='bbox 670 418 706 480; x_wconf 90' lang='lat' dir='ltr'>ad</span> <span class='ocrx_word' id='word_1_34' title='bbox 718 421 863 481; x_wconf 85' lang='grc'><strong>004476.</strong></span> <span class='ocrx_word' id='word_1_35' title='bbox 956 420 1143 499; x_wconf 80' lang='lat' dir='ltr'>*Scriptum</span> <span class='ocrx_word' id='word_1_36' title='bbox 1164 419 1201 480; x_wconf 86' lang='lat' dir='ltr'>ab</span> <span class='ocrx_word' id='word_1_37' title='bbox 1224 419 1281 480; x_wconf 86' lang='lat' dir='ltr'>troc</span> <span class='ocrx_word' id='word_1_38' title='bbox 1307 421 1491 498; x_wconf 83' lang='lat' dir='ltr'>Hieronymo</span> <span class='ocrx_word' id='word_1_39' title='bbox 1519 423 1637 484; x_wconf 78' lang='grc'><strong>400440-</strong></span> 
     </span>
     <span class='ocr_line' id='line_1_5' title="bbox 185 508 1638 594; baseline 0.003 -23"><span class='ocrx_word' id='word_1_40' title='bbox 185 509 429 571; x_wconf 82' lang='lat' dir='ltr'>HlEltOlt&#39;YllUS</span> <span class='ocrx_word' id='word_1_41' title='bbox 443 508 480 570; x_wconf 84' lang='lat' dir='ltr'>dc</span> <span class='ocrx_word' id='word_1_42' title='bbox 507 512 538 573; x_wconf 87' lang='lat' dir='ltr'>S.</span> <span class='ocrx_word' id='word_1_43' title='bbox 567 513 685 585; x_wconf 82' lang='lat' dir='ltr'>Marco,</span> <span class='ocrx_word' id='word_1_44' title='bbox 705 513 864 575; x_wconf 82' lang='grc'><strong>440000400-</strong></span> <span class='ocrx_word' id='word_1_45' title='bbox 916 513 991 577; x_wconf 87' lang='grc'><strong>04010</strong></span> <span class='ocrx_word' id='word_1_46' title='bbox 1007 514 1116 593; x_wconf 88' lang='lat' dir='ltr'>prodiit</span> <span class='ocrx_word' id='word_1_47' title='bbox 1129 514 1239 574; x_wconf 84' lang='grc'><strong>4404000</strong></span> <span class='ocrx_word' id='word_1_48' title='bbox 1255 530 1303 574; x_wconf 89' lang='grc'>00.</span> <span class='ocrx_word' id='word_1_49' title='bbox 1323 515 1403 574; x_wconf 86' lang='grc'><strong>4433</strong></span> <span class='ocrx_word' id='word_1_50' title='bbox 1417 515 1447 574; x_wconf 91' lang='grc'>40</span> <span class='ocrx_word' id='word_1_51' title='bbox 1461 515 1488 575; x_wconf 87' lang='grc'>4.</span> <span class='ocrx_word' id='word_1_52' title='bbox 1499 518 1582 594; x_wconf 88' lang='lat' dir='ltr'>typis</span> <span class='ocrx_word' id='word_1_53' title='bbox 1592 519 1638 576; x_wconf 81' lang='lat' dir='ltr'>lo</span> 
     </span>
     <span class='ocr_line' id='line_1_6' title="bbox 146 603 1640 690; baseline 0.002 -23"><span class='ocrx_word' id='word_1_54' title='bbox 146 622 217 667; x_wconf 85' lang='grc'><strong>0000</strong></span> <span class='ocrx_word' id='word_1_55' title='bbox 233 603 432 681; x_wconf 74' lang='grc'><strong>0000400040,</strong></span> <span class='ocrx_word' id='word_1_56' title='bbox 451 604 522 667; x_wconf 92' lang='lat' dir='ltr'>Ord.</span> <span class='ocrx_word' id='word_1_57' title='bbox 545 608 647 668; x_wconf 83' lang='lat' dir='ltr'>Minor.</span> <span class='ocrx_word' id='word_1_58' title='bbox 662 606 750 684; x_wconf 86' lang='lat' dir='ltr'>cujus</span> <span class='ocrx_word' id='word_1_59' title='bbox 760 624 863 686; x_wconf 84' lang='lat' dir='ltr'>parua</span> <span class='ocrx_word' id='word_1_60' title='bbox 917 609 1006 669; x_wconf 89' lang='lat' dir='ltr'>anuis</span> <span class='ocrx_word' id='word_1_61' title='bbox 1023 606 1061 668; x_wconf 90' lang='lat' dir='ltr'>de</span> <span class='ocrx_word' id='word_1_62' title='bbox 1077 607 1224 669; x_wconf 87' lang='lat' dir='ltr'>Besicheu</span> <span class='ocrx_word' id='word_1_63' title='bbox 1249 613 1280 667; x_wconf 89' lang='lat' dir='ltr'>et</span> <span class='ocrx_word' id='word_1_64' title='bbox 1304 607 1492 686; x_wconf 76' lang='lat' dir='ltr'>sigismundi</span> <span class='ocrx_word' id='word_1_65' title='bbox 1509 607 1549 669; x_wconf 92' lang='lat' dir='ltr'>de</span> <span class='ocrx_word' id='word_1_66' title='bbox 1568 612 1640 690; x_wconf 80' lang='lat' dir='ltr'>llar—</span> 
     </span>
     <span class='ocr_line' id='line_1_7' title="bbox 144 697 1638 779; baseline 0.001 -20"><span class='ocrx_word' id='word_1_67' title='bbox 144 697 253 776; x_wconf 77' lang='lat' dir='ltr'>Lopr‘ca</span> <span class='ocrx_word' id='word_1_68' title='bbox 270 705 418 760; x_wconf 90' lang='lat' dir='ltr'>memorat</span> <span class='ocrx_word' id='word_1_69' title='bbox 445 698 635 778; x_wconf 89' lang='lat' dir='ltr'>Waddiugus</span> <span class='ocrx_word' id='word_1_70' title='bbox 659 718 724 779; x_wconf 88' lang='lat' dir='ltr'>pag.</span> <span class='ocrx_word' id='word_1_71' title='bbox 744 699 811 763; x_wconf 78' lang='grc'><strong>472.</strong></span> <span class='ocrx_word' id='word_1_72' title='bbox 833 709 865 762; x_wconf 90' lang='grc'>04</span> <span class='ocrx_word' id='word_1_73' title='bbox 918 701 1016 762; x_wconf 86' lang='lat' dir='ltr'>abian.</span> <span class='ocrx_word' id='word_1_74' title='bbox 1035 701 1156 762; x_wconf 86' lang='lat' dir='ltr'>Titulus</span> <span class='ocrx_word' id='word_1_75' title='bbox 1181 699 1272 760; x_wconf 91' lang='lat' dir='ltr'>libelli</span> <span class='ocrx_word' id='word_1_76' title='bbox 1296 700 1388 761; x_wconf 91' lang='lat' dir='ltr'>huius</span> <span class='ocrx_word' id='word_1_77' title='bbox 1412 701 1559 762; x_wconf 80' lang='lat' dir='ltr'>rarissimi</span> <span class='ocrx_word' id='word_1_78' title='bbox 1574 710 1638 763; x_wconf 89' lang='lat' dir='ltr'>est:</span> 
     </span>
     <span class='ocr_line' id='line_1_8' title="bbox 143 791 1641 876; baseline 0.003 -25"><span class='ocrx_word' id='word_1_79' title='bbox 143 792 261 854; x_wconf 87' lang='lat' dir='ltr'>Pitseus</span> <span class='ocrx_word' id='word_1_80' title='bbox 278 808 343 870; x_wconf 87' lang='lat' dir='ltr'>pag.</span> <span class='ocrx_word' id='word_1_81' title='bbox 358 793 417 854; x_wconf 93' lang='grc'>863</span> <span class='ocrx_word' id='word_1_82' title='bbox 433 811 471 854; x_wconf 82' lang='lat' dir='ltr'>ex</span> <span class='ocrx_word' id='word_1_83' title='bbox 482 792 521 853; x_wconf 88' lang='lat' dir='ltr'>H.</span> <span class='ocrx_word' id='word_1_84' title='bbox 536 794 666 856; x_wconf 89' lang='lat' dir='ltr'>Willoto.</span> <span class='ocrx_word' id='word_1_85' title='bbox 921 792 1109 855; x_wconf 79' lang='lat' dir='ltr'>Prouinciale</span> <span class='ocrx_word' id='word_1_86' title='bbox 1123 810 1254 853; x_wconf 86' lang='lat' dir='ltr'>omarum</span> <span class='ocrx_word' id='word_1_87' title='bbox 1270 791 1473 855; x_wconf 79' lang='lat' dir='ltr'>ecelesiarum</span> <span class='ocrx_word' id='word_1_88' title='bbox 1490 794 1641 876; x_wconf 78' lang='lat' dir='ltr'>coeempla</span> 
     </span>
     <span class='ocr_line' id='line_1_9' title="bbox 53 873 1640 969; baseline 0.004 -29"><span class='ocrx_word' id='word_1_89' title='bbox 53 934 57 940; x_wconf 79' lang='grc'><strong>.</strong></span> <span class='ocrx_word' id='word_1_90' title='bbox 183 885 431 948; x_wconf 78' lang='lat' dir='ltr'>lllEllOIiYMUS</span> <span class='ocrx_word' id='word_1_91' title='bbox 457 886 495 947; x_wconf 89' lang='lat' dir='ltr'>de</span> <span class='ocrx_word' id='word_1_92' title='bbox 527 887 623 962; x_wconf 88' lang='lat' dir='ltr'>Ocon,</span> <span class='ocrx_word' id='word_1_93' title='bbox 653 890 719 949; x_wconf 87' lang='lat' dir='ltr'>sive</span> <span class='ocrx_word' id='word_1_94' title='bbox 748 873 862 963; x_wconf 74' lang='lat' dir='ltr'>cabaa,</span> <span class='ocrx_word' id='word_1_95' title='bbox 920 894 1017 949; x_wconf 85' lang='lat' dir='ltr'>tame</span> <span class='ocrx_word' id='word_1_96' title='bbox 1043 886 1120 947; x_wconf 80' lang='lat' dir='ltr'>libro</span> <span class='ocrx_word' id='word_1_97' title='bbox 1146 886 1355 950; x_wconf 78' lang='lat' dir='ltr'>cancellariae</span> <span class='ocrx_word' id='word_1_98' title='bbox 1378 884 1567 969; x_wconf 72' lang='lat' dir='ltr'>spostolicae</span> <span class='ocrx_word' id='word_1_99' title='bbox 1593 905 1640 948; x_wconf 87' lang='lat' dir='ltr'>cm</span> 
     </span>
     <span class='ocr_line' id='line_1_10' title="bbox 145 978 1640 1061; baseline 0.001 -21"><span class='ocrx_word' id='word_1_100' title='bbox 145 978 244 1041; x_wconf 80' lang='lat' dir='ltr'>Orbus</span> <span class='ocrx_word' id='word_1_101' title='bbox 261 983 378 1057; x_wconf 82' lang='lat' dir='ltr'>(vitiose</span> <span class='ocrx_word' id='word_1_102' title='bbox 404 979 485 1056; x_wconf 84' lang='grc'><strong>0440)</strong></span> <span class='ocrx_word' id='word_1_103' title='bbox 512 983 677 1044; x_wconf 81' lang='lat' dir='ltr'>Monachus</span> <span class='ocrx_word' id='word_1_104' title='bbox 703 982 864 1043; x_wconf 88' lang='lat' dir='ltr'>Carmelita</span> <span class='ocrx_word' id='word_1_105' title='bbox 918 981 1023 1043; x_wconf 79' lang='lat' dir='ltr'>addita</span> <span class='ocrx_word' id='word_1_106' title='bbox 1047 986 1093 1042; x_wconf 83' lang='lat' dir='ltr'>ert</span> <span class='ocrx_word' id='word_1_107' title='bbox 1104 981 1242 1060; x_wconf 89' lang='lat' dir='ltr'>practica</span> <span class='ocrx_word' id='word_1_108' title='bbox 1268 979 1476 1042; x_wconf 84' lang='lat' dir='ltr'>canceilariae</span> <span class='ocrx_word' id='word_1_109' title='bbox 1495 981 1640 1061; x_wconf 77' lang='lat' dir='ltr'>Apostoli-</span> 
     </span>
     <span class='ocr_line' id='line_1_11' title="bbox 144 1070 1639 1155; baseline 0 -20"><span class='ocrx_word' id='word_1_110' title='bbox 144 1074 283 1135; x_wconf 89' lang='lat' dir='ltr'>Caenobii</span> <span class='ocrx_word' id='word_1_111' title='bbox 300 1077 558 1153; x_wconf 86' lang='lat' dir='ltr'>Perpinianensis,</span> <span class='ocrx_word' id='word_1_112' title='bbox 576 1093 667 1155; x_wconf 89' lang='lat' dir='ltr'>quam</span> <span class='ocrx_word' id='word_1_113' title='bbox 684 1077 790 1138; x_wconf 87' lang='lat' dir='ltr'>urbem</span> <span class='ocrx_word' id='word_1_114' title='bbox 808 1077 865 1137; x_wconf 89' lang='lat' dir='ltr'>ior·</span> <span class='ocrx_word' id='word_1_115' title='bbox 919 1093 973 1136; x_wconf 86' lang='lat' dir='ltr'>cae</span> <span class='ocrx_word' id='word_1_116' title='bbox 987 1078 1128 1136; x_wconf 75' lang='lat' dir='ltr'>retracta</span> <span class='ocrx_word' id='word_1_117' title='bbox 1145 1091 1161 1134; x_wconf 88' lang='lat' dir='ltr'>e</span> <span class='ocrx_word' id='word_1_118' title='bbox 1178 1070 1553 1155; x_wconf 71' lang='lat' dir='ltr'>quibasdamfrapmean‘r</span> <span class='ocrx_word' id='word_1_119' title='bbox 1566 1080 1639 1138; x_wconf 84' lang='lat' dir='ltr'>rcri-</span> 
     </span>
     <span class='ocr_line' id='line_1_12' title="bbox 144 1161 1638 1249; baseline -0.001 -20"><span class='ocrx_word' id='word_1_120' title='bbox 144 1175 225 1229; x_wconf 89' lang='lat' dir='ltr'>tasse</span> <span class='ocrx_word' id='word_1_121' title='bbox 243 1161 348 1230; x_wconf 89' lang='lat' dir='ltr'>habuit</span> <span class='ocrx_word' id='word_1_122' title='bbox 366 1171 514 1247; x_wconf 89' lang='lat' dir='ltr'>patriam,</span> <span class='ocrx_word' id='word_1_123' title='bbox 534 1169 604 1231; x_wconf 88' lang='lat' dir='ltr'>inde</span> <span class='ocrx_word' id='word_1_124' title='bbox 621 1171 789 1249; x_wconf 84' lang='lat' dir='ltr'>Episcopus</span> <span class='ocrx_word' id='word_1_125' title='bbox 810 1172 864 1230; x_wconf 87' lang='lat' dir='ltr'>He-</span> <span class='ocrx_word' id='word_1_126' title='bbox 914 1169 978 1248; x_wconf 84' lang='lat' dir='ltr'>ptis</span> <span class='ocrx_word' id='word_1_127' title='bbox 994 1187 1015 1227; x_wconf 92' lang='lat' dir='ltr'>a</span> <span class='ocrx_word' id='word_1_128' title='bbox 1029 1170 1062 1228; x_wconf 83' lang='grc'>44.</span> <span class='ocrx_word' id='word_1_129' title='bbox 1082 1168 1117 1228; x_wconf 81' lang='lat' dir='ltr'>l).</span> <span class='ocrx_word' id='word_1_130' title='bbox 1131 1169 1309 1248; x_wconf 76' lang='lat' dir='ltr'>Hieronymo</span> <span class='ocrx_word' id='word_1_131' title='bbox 1326 1170 1401 1228; x_wconf 73' lang='lat' dir='ltr'>aaa.</span> <span class='ocrx_word' id='word_1_132' title='bbox 1420 1167 1569 1230; x_wconf 82' lang='lat' dir='ltr'>catalano</span> <span class='ocrx_word' id='word_1_133' title='bbox 1582 1170 1638 1231; x_wconf 84' lang='lat' dir='ltr'>Ca·</span> 
     </span>
     <span class='ocr_line' id='line_1_13' title="bbox 145 1259 1641 1342; baseline 0.002 -21"><span class='ocrx_word' id='word_1_134' title='bbox 145 1262 279 1323; x_wconf 88' lang='lat' dir='ltr'>lenensis</span> <span class='ocrx_word' id='word_1_135' title='bbox 304 1264 369 1323; x_wconf 90' lang='lat' dir='ltr'>sive</span> <span class='ocrx_word' id='word_1_136' title='bbox 396 1265 637 1342; x_wconf 87' lang='lat' dir='ltr'>Perpiniauensis</span> <span class='ocrx_word' id='word_1_137' title='bbox 653 1271 685 1323; x_wconf 91' lang='lat' dir='ltr'>et</span> <span class='ocrx_word' id='word_1_138' title='bbox 711 1261 863 1323; x_wconf 80' lang='lat' dir='ltr'>Benedicti</span> <span class='ocrx_word' id='word_1_139' title='bbox 919 1262 1024 1323; x_wconf 84' lang='lat' dir='ltr'>aoniae</span> <span class='ocrx_word' id='word_1_140' title='bbox 1051 1260 1291 1323; x_wconf 80' lang='lat' dir='ltr'>Barcnirtonensi</span> <span class='ocrx_word' id='word_1_141' title='bbox 1305 1267 1335 1321; x_wconf 87' lang='lat' dir='ltr'>et</span> <span class='ocrx_word' id='word_1_142' title='bbox 1348 1259 1524 1322; x_wconf 74' lang='lat' dir='ltr'>Alexandri</span> <span class='ocrx_word' id='word_1_143' title='bbox 1543 1265 1641 1342; x_wconf 79' lang='lat' dir='ltr'>Papae</span> 
     </span>
     <span class='ocr_line' id='line_1_14' title="bbox 142 1353 1640 1433; baseline -0.002 -15"><span class='ocrx_word' id='word_1_144' title='bbox 142 1356 224 1418; x_wconf 81' lang='lat' dir='ltr'>Xlll.</span> <span class='ocrx_word' id='word_1_145' title='bbox 242 1373 261 1416; x_wconf 89' lang='lat' dir='ltr'>a</span> <span class='ocrx_word' id='word_1_146' title='bbox 278 1356 525 1418; x_wconf 77' lang='lat' dir='ltr'>confessionibus</span> <span class='ocrx_word' id='word_1_147' title='bbox 539 1360 618 1429; x_wconf 87' lang='lat' dir='ltr'>circa</span> <span class='ocrx_word' id='word_1_148' title='bbox 635 1358 756 1419; x_wconf 75' lang='lat' dir='ltr'>bunum</span> <span class='ocrx_word' id='word_1_149' title='bbox 774 1358 862 1419; x_wconf 76' lang='grc'><strong>4426.</strong></span> <span class='ocrx_word' id='word_1_150' title='bbox 923 1357 968 1417; x_wconf 87' lang='lat' dir='ltr'>Vl.</span> <span class='ocrx_word' id='word_1_151' title='bbox 986 1353 1184 1417; x_wconf 80' lang='lat' dir='ltr'>cubiculario.</span> <span class='ocrx_word' id='word_1_152' title='bbox 1209 1357 1287 1416; x_wconf 89' lang='lat' dir='ltr'>llaec</span> <span class='ocrx_word' id='word_1_153' title='bbox 1312 1357 1402 1433; x_wconf 86' lang='lat' dir='ltr'>igitur</span> <span class='ocrx_word' id='word_1_154' title='bbox 1420 1357 1550 1417; x_wconf 85' lang='lat' dir='ltr'>tortasse</span> <span class='ocrx_word' id='word_1_155' title='bbox 1566 1359 1640 1417; x_wconf 82' lang='lat' dir='ltr'>ratio</span> 
     </span>
     <span class='ocr_line' id='line_1_15' title="bbox 143 1449 1641 1530; baseline -0.002 -18"><span class='ocrx_word' id='word_1_156' title='bbox 143 1451 249 1529; x_wconf 86' lang='lat' dir='ltr'>Neque</span> <span class='ocrx_word' id='word_1_157' title='bbox 272 1453 382 1510; x_wconf 91' lang='lat' dir='ltr'>mirum</span> <span class='ocrx_word' id='word_1_158' title='bbox 401 1451 480 1510; x_wconf 88' lang='lat' dir='ltr'>inter</span> <span class='ocrx_word' id='word_1_159' title='bbox 497 1450 682 1512; x_wconf 89' lang='lat' dir='ltr'>Helenenses</span> <span class='ocrx_word' id='word_1_160' title='bbox 698 1452 866 1530; x_wconf 83' lang='lat' dir='ltr'>Episcopus</span> <span class='ocrx_word' id='word_1_161' title='bbox 919 1450 976 1511; x_wconf 89' lang='lat' dir='ltr'>iuit</span> <span class='ocrx_word' id='word_1_162' title='bbox 1003 1467 1059 1510; x_wconf 90' lang='lat' dir='ltr'>cur</span> <span class='ocrx_word' id='word_1_163' title='bbox 1084 1466 1182 1526; x_wconf 90' lang='lat' dir='ltr'>neque</span> <span class='ocrx_word' id='word_1_164' title='bbox 1209 1465 1226 1508; x_wconf 92' lang='grc'>0</span> <span class='ocrx_word' id='word_1_165' title='bbox 1249 1449 1357 1509; x_wconf 86' lang='lat' dir='ltr'>lliraeo</span> <span class='ocrx_word' id='word_1_166' title='bbox 1384 1464 1485 1526; x_wconf 85' lang='lat' dir='ltr'>aeque</span> <span class='ocrx_word' id='word_1_167' title='bbox 1511 1449 1550 1510; x_wconf 87' lang='lat' dir='ltr'>ab</span> <span class='ocrx_word' id='word_1_168' title='bbox 1576 1449 1641 1510; x_wconf 90' lang='lat' dir='ltr'>aliis</span> 
     </span>
     <span class='ocr_line' id='line_1_16' title="bbox 145 1542 1643 1623; baseline 0.001 -21"><span class='ocrx_word' id='word_1_169' title='bbox 145 1543 260 1605; x_wconf 90' lang='lat' dir='ltr'>nullam</span> <span class='ocrx_word' id='word_1_170' title='bbox 275 1542 342 1622; x_wconf 83' lang='lat' dir='ltr'>ejus</span> <span class='ocrx_word' id='word_1_171' title='bbox 357 1546 540 1605; x_wconf 89' lang='lat' dir='ltr'>mentionem</span> <span class='ocrx_word' id='word_1_172' title='bbox 564 1544 644 1623; x_wconf 91' lang='lat' dir='ltr'>apud</span> <span class='ocrx_word' id='word_1_173' title='bbox 662 1545 866 1606; x_wconf 88' lang='lat' dir='ltr'>Sammartba-</span> <span class='ocrx_word' id='word_1_174' title='bbox 920 1546 1034 1606; x_wconf 89' lang='lat' dir='ltr'>mentio</span> <span class='ocrx_word' id='word_1_175' title='bbox 1049 1544 1178 1604; x_wconf 84' lang='lat' dir='ltr'>lactasti</span> <span class='ocrx_word' id='word_1_176' title='bbox 1195 1545 1368 1620; x_wconf 83' lang='lat' dir='ltr'>Hieronymi</span> <span class='ocrx_word' id='word_1_177' title='bbox 1392 1543 1474 1604; x_wconf 91' lang='lat' dir='ltr'>Pauli</span> <span class='ocrx_word' id='word_1_178' title='bbox 1492 1559 1564 1604; x_wconf 88' lang='lat' dir='ltr'>cum</span> <span class='ocrx_word' id='word_1_179' title='bbox 1577 1546 1643 1604; x_wconf 82' lang='lat' dir='ltr'>Pro</span> 
     </span>
     <span class='ocr_line' id='line_1_17' title="bbox 147 1635 1642 1717; baseline 0.001 -22"><span class='ocrx_word' id='word_1_180' title='bbox 147 1653 203 1696; x_wconf 90' lang='lat' dir='ltr'>nos</span> <span class='ocrx_word' id='word_1_181' title='bbox 222 1645 295 1697; x_wconf 91' lang='lat' dir='ltr'>tom.</span> <span class='ocrx_word' id='word_1_182' title='bbox 313 1638 340 1697; x_wconf 78' lang='lat'>2.</span> <span class='ocrx_word' id='word_1_183' title='bbox 367 1637 479 1698; x_wconf 88' lang='lat' dir='ltr'>Galliae</span> <span class='ocrx_word' id='word_1_184' title='bbox 497 1638 684 1700; x_wconf 87' lang='lat' dir='ltr'>Christianae</span> <span class='ocrx_word' id='word_1_185' title='bbox 708 1655 773 1717; x_wconf 88' lang='lat' dir='ltr'>pag.</span> <span class='ocrx_word' id='word_1_186' title='bbox 796 1638 864 1699; x_wconf 91' lang='grc'><strong>668.</strong></span> <span class='ocrx_word' id='word_1_187' title='bbox 920 1637 1256 1700; x_wconf 87' lang='lat' dir='ltr'>vincialeEcclesiarum</span> <span class='ocrx_word' id='word_1_188' title='bbox 1270 1635 1476 1698; x_wconf 89' lang='lat' dir='ltr'>recudendum</span> <span class='ocrx_word' id='word_1_189' title='bbox 1488 1645 1642 1712; x_wconf 59' lang='lat' dir='ltr'>curamus</span> 
     </span>
     <span class='ocr_line' id='line_1_18' title="bbox 147 1729 1638 1810; baseline -0.001 -19"><span class='ocrx_word' id='word_1_190' title='bbox 147 1730 227 1805; x_wconf 83' lang='lat' dir='ltr'>lieri,</span> <span class='ocrx_word' id='word_1_191' title='bbox 240 1746 369 1809; x_wconf 91' lang='lat' dir='ltr'>quorum</span> <span class='ocrx_word' id='word_1_192' title='bbox 387 1731 561 1810; x_wconf 75' lang='lat' dir='ltr'>catalogum</span> <span class='ocrx_word' id='word_1_193' title='bbox 575 1732 691 1792; x_wconf 87' lang='lat' dir='ltr'>illorum</span> <span class='ocrx_word' id='word_1_194' title='bbox 707 1732 867 1810; x_wconf 82' lang='lat' dir='ltr'>Episcopo</span> <span class='ocrx_word' id='word_1_195' title='bbox 920 1750 979 1792; x_wconf 91' lang='grc'>000</span> <span class='ocrx_word' id='word_1_196' title='bbox 997 1734 1077 1792; x_wconf 87' lang='lat' dir='ltr'>euim</span> <span class='ocrx_word' id='word_1_197' title='bbox 1095 1749 1134 1791; x_wconf 86' lang='lat' dir='ltr'>ex</span> <span class='ocrx_word' id='word_1_198' title='bbox 1151 1733 1334 1808; x_wconf 89' lang='lat' dir='ltr'>Hieronymo</span> <span class='ocrx_word' id='word_1_199' title='bbox 1363 1729 1453 1792; x_wconf 89' lang='lat' dir='ltr'>Paula</span> <span class='ocrx_word' id='word_1_200' title='bbox 1480 1736 1638 1809; x_wconf 84' lang='lat' dir='ltr'>acceptum</span> 
     </span>
     <span class='ocr_line' id='line_1_19' title="bbox 88 1822 1642 1903; baseline -0.001 -17"><span class='ocrx_word' id='word_1_201' title='bbox 88 1891 93 1900; x_wconf 57' lang='grc'>,</span> <span class='ocrx_word' id='word_1_202' title='bbox 147 1843 214 1887; x_wconf 91' lang='lat' dir='ltr'>ram</span> <span class='ocrx_word' id='word_1_203' title='bbox 227 1824 493 1887; x_wconf 90' lang='lat' dir='ltr'>mendosissimum</span> <span class='ocrx_word' id='word_1_204' title='bbox 509 1841 577 1886; x_wconf 87' lang='lat' dir='ltr'>esse</span> <span class='ocrx_word' id='word_1_205' title='bbox 596 1826 711 1885; x_wconf 91' lang='lat' dir='ltr'>notavit</span> <span class='ocrx_word' id='word_1_206' title='bbox 724 1826 865 1886; x_wconf 80' lang='lat' dir='ltr'>baluzius</span> <span class='ocrx_word' id='word_1_207' title='bbox 920 1834 968 1887; x_wconf 84' lang='lat' dir='ltr'>est</span> <span class='ocrx_word' id='word_1_208' title='bbox 985 1826 1169 1887; x_wconf 84' lang='lat' dir='ltr'>Provinciale</span> <span class='ocrx_word' id='word_1_209' title='bbox 1193 1824 1284 1899; x_wconf 80' lang='lat' dir='ltr'>istud,</span> <span class='ocrx_word' id='word_1_210' title='bbox 1302 1823 1355 1884; x_wconf 90' lang='lat' dir='ltr'>sed</span> <span class='ocrx_word' id='word_1_211' title='bbox 1374 1823 1414 1884; x_wconf 94' lang='lat' dir='ltr'>illi</span> <span class='ocrx_word' id='word_1_212' title='bbox 1430 1822 1562 1885; x_wconf 86' lang='lat' dir='ltr'>debetur</span> <span class='ocrx_word' id='word_1_213' title='bbox 1576 1840 1642 1903; x_wconf 88' lang='lat' dir='ltr'>pra-</span> 
     </span>
     <span class='ocr_line' id='line_1_20' title="bbox 147 1917 1475 1997; baseline -0.002 -17"><span class='ocrx_word' id='word_1_214' title='bbox 147 1917 521 1997; x_wconf 88' lang='lat' dir='ltr'>adMarcamHispauicam</span> <span class='ocrx_word' id='word_1_215' title='bbox 535 1935 601 1997; x_wconf 93' lang='lat' dir='ltr'>pag.</span> <span class='ocrx_word' id='word_1_216' title='bbox 618 1919 822 1996; x_wconf 66' lang='lat' dir='ltr'>inscripsit</span> <span class='ocrx_word' id='word_1_217' title='bbox 835 1917 866 1977; x_wconf 88' lang='lat' dir='ltr'>iu</span> <span class='ocrx_word' id='word_1_218' title='bbox 921 1917 1428 1996; x_wconf 76' lang='grc'><strong>0440060000410040000004044000.</strong></span> <span class='ocrx_word' id='word_1_219' title='bbox 1469 1952 1475 1961; x_wconf 87' lang='lat'><strong>-</strong></span> 
     </span>
     <span class='ocr_line' id='line_1_21' title="bbox 148 2007 1645 2090; baseline -0.001 -19"><span class='ocrx_word' id='word_1_220' title='bbox 148 2008 242 2072; x_wconf 81' lang='lat' dir='ltr'>libros</span> <span class='ocrx_word' id='word_1_221' title='bbox 262 2009 533 2086; x_wconf 77' lang='lat' dir='ltr'>Maccahaeorum,</span> <span class='ocrx_word' id='word_1_222' title='bbox 549 2011 628 2089; x_wconf 92' lang='lat' dir='ltr'>quod</span> <span class='ocrx_word' id='word_1_223' title='bbox 653 2027 729 2090; x_wconf 87' lang='lat' dir='ltr'>opus</span> <span class='ocrx_word' id='word_1_224' title='bbox 750 2011 865 2073; x_wconf 88' lang='lat' dir='ltr'>vidisse</span> <span class='ocrx_word' id='word_1_225' title='bbox 960 2013 1106 2075; x_wconf 88' lang='lat' dir='ltr'>Eiusdem</span> <span class='ocrx_word' id='word_1_226' title='bbox 1128 2012 1302 2088; x_wconf 85' lang='lat' dir='ltr'>Hieronymi</span> <span class='ocrx_word' id='word_1_227' title='bbox 1322 2010 1441 2071; x_wconf 87' lang='lat' dir='ltr'>libellus</span> <span class='ocrx_word' id='word_1_228' title='bbox 1464 2009 1502 2071; x_wconf 83' lang='lat' dir='ltr'>de</span> <span class='ocrx_word' id='word_1_229' title='bbox 1530 2007 1645 2071; x_wconf 70' lang='lat' dir='ltr'>Flami</span> 
     </span>
     <span class='ocr_line' id='line_1_22' title="bbox 146 2101 1646 2184; baseline 0.001 -20"><span class='ocrx_word' id='word_1_230' title='bbox 146 2121 180 2165; x_wconf 90' lang='lat' dir='ltr'>se</span> <span class='ocrx_word' id='word_1_231' title='bbox 198 2109 328 2166; x_wconf 88' lang='lat' dir='ltr'>testatur</span> <span class='ocrx_word' id='word_1_232' title='bbox 343 2104 482 2184; x_wconf 81' lang='lat' dir='ltr'>Alegrius</span> <span class='ocrx_word' id='word_1_233' title='bbox 495 2123 560 2184; x_wconf 88' lang='lat' dir='ltr'>pag.</span> <span class='ocrx_word' id='word_1_234' title='bbox 574 2105 626 2166; x_wconf 89' lang='grc'>334</span> <span class='ocrx_word' id='word_1_235' title='bbox 647 2111 738 2183; x_wconf 90' lang='lat' dir='ltr'>atque</span> <span class='ocrx_word' id='word_1_236' title='bbox 748 2105 865 2166; x_wconf 90' lang='lat' dir='ltr'>erudite</span> <span class='ocrx_word' id='word_1_237' title='bbox 920 2104 1010 2167; x_wconf 84' lang='lat' dir='ltr'>nibus</span> <span class='ocrx_word' id='word_1_238' title='bbox 1026 2112 1055 2168; x_wconf 86' lang='lat' dir='ltr'>et</span> <span class='ocrx_word' id='word_1_239' title='bbox 1071 2102 1219 2165; x_wconf 83' lang='lat' dir='ltr'>montibus</span> <span class='ocrx_word' id='word_1_240' title='bbox 1233 2101 1452 2184; x_wconf 75' lang='lat' dir='ltr'>Hispaniarum</span> <span class='ocrx_word' id='word_1_241' title='bbox 1468 2103 1506 2165; x_wconf 90' lang='lat' dir='ltr'>ad</span> <span class='ocrx_word' id='word_1_242' title='bbox 1524 2104 1646 2166; x_wconf 75' lang='lat' dir='ltr'>lloderi</span> 
     </span>
     <span class='ocr_line' id='line_1_23' title="bbox 143 2194 1645 2280; baseline 0 -21"><span class='ocrx_word' id='word_1_243' title='bbox 143 2201 302 2277; x_wconf 83' lang='lat' dir='ltr'>scripsisse</span> <span class='ocrx_word' id='word_1_244' title='bbox 316 2199 466 2275; x_wconf 86' lang='lat' dir='ltr'>judicium</span> <span class='ocrx_word' id='word_1_245' title='bbox 484 2206 533 2260; x_wconf 91' lang='lat' dir='ltr'>est</span> <span class='ocrx_word' id='word_1_246' title='bbox 547 2199 657 2260; x_wconf 80' lang='lat' dir='ltr'>Nicolai</span> <span class='ocrx_word' id='word_1_247' title='bbox 671 2199 792 2260; x_wconf 82' lang='lat' dir='ltr'>Antonii</span> <span class='ocrx_word' id='word_1_248' title='bbox 803 2207 824 2258; x_wconf 89' lang='lat' dir='ltr'>t.</span> <span class='ocrx_word' id='word_1_249' title='bbox 837 2201 865 2262; x_wconf 78' lang='lat'>2.</span> <span class='ocrx_word' id='word_1_250' title='bbox 921 2218 990 2262; x_wconf 94' lang='lat' dir='ltr'>cum</span> <span class='ocrx_word' id='word_1_251' title='bbox 1010 2203 1191 2280; x_wconf 83' lang='lat' dir='ltr'>Episcopum</span> <span class='ocrx_word' id='word_1_252' title='bbox 1209 2202 1406 2260; x_wconf 87' lang='lat' dir='ltr'>Portuensem</span> <span class='ocrx_word' id='word_1_253' title='bbox 1428 2194 1519 2261; x_wconf 87' lang='lat' dir='ltr'>card.</span> <span class='ocrx_word' id='word_1_254' title='bbox 1537 2199 1645 2260; x_wconf 88' lang='lat' dir='ltr'>Valen-</span> 
     </span>
     <span class='ocr_line' id='line_1_24' title="bbox 115 2292 1648 2371; baseline 0 -20"><span class='ocrx_word' id='word_1_255' title='bbox 115 2308 119 2319; x_wconf 81' lang='grc'><strong>’</strong></span> <span class='ocrx_word' id='word_1_256' title='bbox 143 2292 280 2352; x_wconf 87' lang='lat' dir='ltr'>Biblioth.</span> <span class='ocrx_word' id='word_1_257' title='bbox 304 2293 421 2353; x_wconf 81' lang='lat' dir='ltr'>Veteris</span> <span class='ocrx_word' id='word_1_258' title='bbox 440 2294 588 2371; x_wconf 84' lang='lat' dir='ltr'>Hispanae</span> <span class='ocrx_word' id='word_1_259' title='bbox 603 2310 668 2371; x_wconf 83' lang='lat' dir='ltr'>pag.</span> <span class='ocrx_word' id='word_1_260' title='bbox 691 2294 760 2352; x_wconf 86' lang='lat' dir='ltr'>t38.</span> <span class='ocrx_word' id='word_1_261' title='bbox 779 2295 867 2354; x_wconf 78' lang='lat' dir='ltr'>Prae</span> <span class='ocrx_word' id='word_1_262' title='bbox 923 2297 1021 2356; x_wconf 92' lang='lat' dir='ltr'>tinum</span> <span class='ocrx_word' id='word_1_263' title='bbox 1039 2298 1069 2354; x_wconf 91' lang='lat' dir='ltr'>iu</span> <span class='ocrx_word' id='word_1_264' title='bbox 1087 2296 1115 2355; x_wconf 85' lang='lat' dir='ltr'>t.</span> <span class='ocrx_word' id='word_1_265' title='bbox 1134 2295 1265 2354; x_wconf 88' lang='lat' dir='ltr'>vetustis</span> <span class='ocrx_word' id='word_1_266' title='bbox 1291 2293 1374 2371; x_wconf 90' lang='lat' dir='ltr'>typis</span> <span class='ocrx_word' id='word_1_267' title='bbox 1396 2293 1515 2371; x_wconf 86' lang='lat' dir='ltr'>absque</span> <span class='ocrx_word' id='word_1_268' title='bbox 1532 2292 1600 2354; x_wconf 88' lang='lat' dir='ltr'>ioco</span> <span class='ocrx_word' id='word_1_269' title='bbox 1616 2300 1648 2352; x_wconf 86' lang='lat' dir='ltr'>et</span> 
     </span>
     <span class='ocr_line' id='line_1_25' title="bbox 143 2383 1153 2467; baseline 0.006 -26"><span class='ocrx_word' id='word_1_270' title='bbox 143 2390 226 2450; x_wconf 80' lang='lat' dir='ltr'>terea</span> <span class='ocrx_word' id='word_1_271' title='bbox 242 2385 319 2446; x_wconf 84' lang='lat' dir='ltr'>Acta</span> <span class='ocrx_word' id='word_1_272' title='bbox 338 2389 403 2446; x_wconf 89' lang='lat' dir='ltr'>sive</span> <span class='ocrx_word' id='word_1_273' title='bbox 418 2383 531 2446; x_wconf 87' lang='lat' dir='ltr'>libram</span> <span class='ocrx_word' id='word_1_274' title='bbox 545 2385 581 2447; x_wconf 88' lang='lat' dir='ltr'>de</span> <span class='ocrx_word' id='word_1_275' title='bbox 603 2386 668 2445; x_wconf 86' lang='lat' dir='ltr'>Vita</span> <span class='ocrx_word' id='word_1_276' title='bbox 685 2391 715 2446; x_wconf 88' lang='lat' dir='ltr'>ct</span> <span class='ocrx_word' id='word_1_277' title='bbox 730 2385 865 2448; x_wconf 86' lang='lat' dir='ltr'>moribus</span> <span class='ocrx_word' id='word_1_278' title='bbox 922 2405 1000 2450; x_wconf 93' lang='grc'><strong>0000</strong></span> <span class='ocrx_word' id='word_1_279' title='bbox 1014 2386 1153 2467; x_wconf 84' lang='lat' dir='ltr'>prodivit.</span> 
     </span>
     <span class='ocr_line' id='line_1_26' title="bbox 144 2478 1648 2561; baseline 0.001 -20"><span class='ocrx_word' id='word_1_280' title='bbox 144 2478 299 2541; x_wconf 79' lang='lat' dir='ltr'>Benedicti</span> <span class='ocrx_word' id='word_1_281' title='bbox 312 2481 394 2540; x_wconf 85' lang='grc'><strong>4444.</strong></span> <span class='ocrx_word' id='word_1_282' title='bbox 964 2481 1213 2561; x_wconf 87' lang='lat' dir='ltr'>HlEltONYMUS</span> <span class='ocrx_word' id='word_1_283' title='bbox 1231 2479 1415 2560; x_wconf 69' lang='lat' dir='ltr'>propense,</span> <span class='ocrx_word' id='word_1_284' title='bbox 1433 2481 1486 2541; x_wconf 79' lang='lat' dir='ltr'>Vir</span> <span class='ocrx_word' id='word_1_285' title='bbox 1497 2481 1577 2559; x_wconf 80' lang='lat' dir='ltr'>pias,</span> <span class='ocrx_word' id='word_1_286' title='bbox 1594 2481 1648 2542; x_wconf 89' lang='lat' dir='ltr'>do·</span> 
     </span>
     <span class='ocr_line' id='line_1_27' title="bbox 187 2568 1649 2655; baseline 0 -20"><span class='ocrx_word' id='word_1_287' title='bbox 187 2568 430 2637; x_wconf 86' lang='lat' dir='ltr'>HlEllONYMUS</span> <span class='ocrx_word' id='word_1_288' title='bbox 448 2573 546 2635; x_wconf 84' lang='lat' dir='ltr'>celtas</span> <span class='ocrx_word' id='word_1_289' title='bbox 561 2576 733 2648; x_wconf 80' lang='lat' dir='ltr'>Harenas,</span> <span class='ocrx_word' id='word_1_290' title='bbox 750 2579 867 2655; x_wconf 88' lang='lat' dir='ltr'>Pampi-</span> <span class='ocrx_word' id='word_1_291' title='bbox 923 2583 993 2637; x_wconf 90' lang='lat' dir='ltr'>otus</span> <span class='ocrx_word' id='word_1_292' title='bbox 1013 2583 1105 2654; x_wconf 85' lang='lat' dir='ltr'>atque</span> <span class='ocrx_word' id='word_1_293' title='bbox 1120 2576 1283 2654; x_wconf 75' lang='lat' dir='ltr'>eloquens,</span> <span class='ocrx_word' id='word_1_294' title='bbox 1300 2576 1427 2635; x_wconf 86' lang='lat' dir='ltr'>loannis</span> <span class='ocrx_word' id='word_1_295' title='bbox 1444 2575 1557 2637; x_wconf 87' lang='lat' dir='ltr'>HUSSl</span> <span class='ocrx_word' id='word_1_296' title='bbox 1572 2578 1649 2637; x_wconf 88' lang='lat' dir='ltr'>ami-</span> 
     </span>
     <span class='ocr_line' id='line_1_28' title="bbox 144 2660 1651 2750; baseline 0.002 -23"><span class='ocrx_word' id='word_1_297' title='bbox 144 2660 299 2741; x_wconf 82' lang='grc'><strong>40000040,</strong></span> <span class='ocrx_word' id='word_1_298' title='bbox 317 2667 454 2747; x_wconf 75' lang='lat' dir='ltr'>eiusdem</span> <span class='ocrx_word' id='word_1_299' title='bbox 470 2667 591 2729; x_wconf 87' lang='lat' dir='ltr'>Ordinis</span> <span class='ocrx_word' id='word_1_300' title='bbox 608 2669 789 2731; x_wconf 83' lang='lat' dir='ltr'>Carmelitici</span> <span class='ocrx_word' id='word_1_301' title='bbox 808 2673 866 2732; x_wconf 78' lang='lat' dir='ltr'>llo</span> <span class='ocrx_word' id='word_1_302' title='bbox 921 2685 977 2730; x_wconf 90' lang='lat' dir='ltr'>cus</span> <span class='ocrx_word' id='word_1_303' title='bbox 997 2676 1028 2729; x_wconf 89' lang='lat' dir='ltr'>et</span> <span class='ocrx_word' id='word_1_304' title='bbox 1044 2676 1208 2747; x_wconf 89' lang='lat' dir='ltr'>parastata,</span> <span class='ocrx_word' id='word_1_305' title='bbox 1223 2687 1258 2730; x_wconf 91' lang='lat' dir='ltr'>ac</span> <span class='ocrx_word' id='word_1_306' title='bbox 1271 2676 1395 2750; x_wconf 92' lang='lat' dir='ltr'>propter</span> <span class='ocrx_word' id='word_1_307' title='bbox 1405 2669 1533 2730; x_wconf 90' lang='lat' dir='ltr'>liberam</span> <span class='ocrx_word' id='word_1_308' title='bbox 1550 2685 1651 2730; x_wconf 86' lang='lat' dir='ltr'>asser·</span> 
     </span>
     <span class='ocr_line' id='line_1_29' title="bbox 147 2759 1650 2838; baseline 0.002 -17"><span class='ocrx_word' id='word_1_309' title='bbox 147 2759 265 2822; x_wconf 88' lang='lat' dir='ltr'>uacbus</span> <span class='ocrx_word' id='word_1_310' title='bbox 279 2761 377 2822; x_wconf 89' lang='lat' dir='ltr'>eidem</span> <span class='ocrx_word' id='word_1_311' title='bbox 400 2761 561 2823; x_wconf 82' lang='lat' dir='ltr'>Benedicta</span> <span class='ocrx_word' id='word_1_312' title='bbox 580 2765 659 2823; x_wconf 84' lang='lat' dir='ltr'>xlll.</span> <span class='ocrx_word' id='word_1_313' title='bbox 686 2763 816 2838; x_wconf 74' lang='lat' dir='ltr'>cheiras,</span> <span class='ocrx_word' id='word_1_314' title='bbox 837 2772 869 2826; x_wconf 86' lang='lat' dir='ltr'>et</span> <span class='ocrx_word' id='word_1_315' title='bbox 924 2765 1035 2824; x_wconf 90' lang='lat' dir='ltr'>tionem</span> <span class='ocrx_word' id='word_1_316' title='bbox 1055 2765 1338 2836; x_wconf 82' lang='grc'><strong>40040440040000000,</strong></span> <span class='ocrx_word' id='word_1_317' title='bbox 1357 2761 1650 2826; x_wconf 81' lang='lat' dir='ltr'>sedexosoramdo·</span> 
     </span>
     <span class='ocr_line' id='line_1_30' title="bbox 146 2855 1651 2936; baseline 0.001 -20"><span class='ocrx_word' id='word_1_318' title='bbox 146 2861 282 2917; x_wconf 86' lang='lat' dir='ltr'>actorum</span> <span class='ocrx_word' id='word_1_319' title='bbox 294 2859 362 2918; x_wconf 88' lang='lat' dir='ltr'>eius</span> <span class='ocrx_word' id='word_1_320' title='bbox 376 2858 504 2934; x_wconf 89' lang='lat' dir='ltr'>scriptor</span> <span class='ocrx_word' id='word_1_321' title='bbox 519 2856 613 2916; x_wconf 88' lang='lat' dir='ltr'>luisse</span> <span class='ocrx_word' id='word_1_322' title='bbox 629 2855 763 2935; x_wconf 84' lang='lat' dir='ltr'>tingitur,</span> <span class='ocrx_word' id='word_1_323' title='bbox 776 2876 867 2936; x_wconf 90' lang='lat' dir='ltr'>quem</span> <span class='ocrx_word' id='word_1_324' title='bbox 922 2864 1058 2936; x_wconf 89' lang='lat' dir='ltr'>gmatum</span> <span class='ocrx_word' id='word_1_325' title='bbox 1073 2856 1229 2918; x_wconf 90' lang='lat' dir='ltr'>idemcum</span> <span class='ocrx_word' id='word_1_326' title='bbox 1244 2872 1279 2916; x_wconf 90' lang='lat' dir='ltr'>eo</span> <span class='ocrx_word' id='word_1_327' title='bbox 1294 2857 1389 2917; x_wconf 84' lang='lat' dir='ltr'>iatum</span> <span class='ocrx_word' id='word_1_328' title='bbox 1400 2863 1559 2935; x_wconf 82' lang='lat' dir='ltr'>expertus,</span> <span class='ocrx_word' id='word_1_329' title='bbox 1569 2872 1651 2917; x_wconf 92' lang='lat' dir='ltr'>com·</span> 
     </span>
     <span class='ocr_line' id='line_1_31' title="bbox 146 2947 1649 3028; baseline 0.001 -22"><span class='ocrx_word' id='word_1_330' title='bbox 146 2949 264 3009; x_wconf 91' lang='lat' dir='ltr'>nullum</span> <span class='ocrx_word' id='word_1_331' title='bbox 283 2949 378 3010; x_wconf 85' lang='lat' dir='ltr'>tuisse</span> <span class='ocrx_word' id='word_1_332' title='bbox 396 2966 434 3009; x_wconf 82' lang='lat' dir='ltr'>ex</span> <span class='ocrx_word' id='word_1_333' title='bbox 457 2947 576 3009; x_wconf 86' lang='lat' dir='ltr'>laudato</span> <span class='ocrx_word' id='word_1_334' title='bbox 592 2950 651 3009; x_wconf 86' lang='lat' dir='ltr'>Nic.</span> <span class='ocrx_word' id='word_1_335' title='bbox 675 2948 806 3012; x_wconf 81' lang='lat' dir='ltr'>Antonin</span> <span class='ocrx_word' id='word_1_336' title='bbox 828 2953 870 3012; x_wconf 88' lang='lat' dir='ltr'>ia·</span> <span class='ocrx_word' id='word_1_337' title='bbox 923 2951 1093 3028; x_wconf 83' lang='lat' dir='ltr'>hastasque</span> <span class='ocrx_word' id='word_1_338' title='bbox 1122 2953 1152 3009; x_wconf 90' lang='grc'>40</span> <span class='ocrx_word' id='word_1_339' title='bbox 1177 2951 1309 3012; x_wconf 83' lang='lat' dir='ltr'>Concilio</span> <span class='ocrx_word' id='word_1_340' title='bbox 1334 2950 1562 3012; x_wconf 76' lang='lat' dir='ltr'>constantiensi</span> <span class='ocrx_word' id='word_1_341' title='bbox 1592 2952 1649 3011; x_wconf 79' lang='lat' dir='ltr'>An.</span> 
     </span>
     <span class='ocr_line' id='line_1_32' title="bbox 146 3042 1652 3122; baseline 0.002 -18"><span class='ocrx_word' id='word_1_342' title='bbox 146 3043 203 3104; x_wconf 90' lang='lat' dir='ltr'>cite</span> <span class='ocrx_word' id='word_1_343' title='bbox 216 3043 349 3122; x_wconf 88' lang='lat' dir='ltr'>colligas.</span> <span class='ocrx_word' id='word_1_344' title='bbox 925 3046 1012 3106; x_wconf 85' lang='grc'><strong>4446.</strong></span> <span class='ocrx_word' id='word_1_345' title='bbox 1035 3046 1063 3104; x_wconf 91' lang='grc'>3.</span> <span class='ocrx_word' id='word_1_346' title='bbox 1085 3045 1148 3105; x_wconf 87' lang='lat' dir='ltr'>cal.</span> <span class='ocrx_word' id='word_1_347' title='bbox 1170 3045 1264 3105; x_wconf 89' lang='lat' dir='ltr'>Junii.</span> <span class='ocrx_word' id='word_1_348' title='bbox 1284 3042 1360 3104; x_wconf 85' lang='lat' dir='ltr'>Vide</span> <span class='ocrx_word' id='word_1_349' title='bbox 1382 3043 1581 3106; x_wconf 81' lang='lat' dir='ltr'>Ambrosium</span> <span class='ocrx_word' id='word_1_350' title='bbox 1595 3047 1652 3107; x_wconf 75' lang='lat' dir='ltr'>ca</span> 
     </span>
     <span class='ocr_line' id='line_1_33' title="bbox 188 3135 1651 3216; baseline 0.001 -17"><span class='ocrx_word' id='word_1_351' title='bbox 188 3136 481 3200; x_wconf 82' lang='lat' dir='ltr'>lilEllONYllUSdc</span> <span class='ocrx_word' id='word_1_352' title='bbox 505 3135 633 3213; x_wconf 83' lang='lat' dir='ltr'>Podua,</span> <span class='ocrx_word' id='word_1_353' title='bbox 655 3139 743 3208; x_wconf 88' lang='lat' dir='ltr'>intra,</span> <span class='ocrx_word' id='word_1_354' title='bbox 768 3138 870 3202; x_wconf 87' lang='lat' dir='ltr'>Hiero-</span> <span class='ocrx_word' id='word_1_355' title='bbox 923 3137 1147 3199; x_wconf 88' lang='lat' dir='ltr'>maldulensem</span> <span class='ocrx_word' id='word_1_356' title='bbox 1170 3137 1220 3197; x_wconf 92' lang='lat' dir='ltr'>lib.</span> <span class='ocrx_word' id='word_1_357' title='bbox 1242 3139 1323 3199; x_wconf 85' lang='lat' dir='ltr'>xlx.</span> <span class='ocrx_word' id='word_1_358' title='bbox 1344 3137 1441 3216; x_wconf 80' lang='lat' dir='ltr'>Epist.</span> <span class='ocrx_word' id='word_1_359' title='bbox 1466 3137 1513 3197; x_wconf 92' lang='grc'>46.</span> <span class='ocrx_word' id='word_1_360' title='bbox 1531 3143 1610 3199; x_wconf 83' lang='grc'><strong>4040.</strong></span> <span class='ocrx_word' id='word_1_361' title='bbox 1633 3141 1651 3200; x_wconf 87' lang='lat'><strong>3</strong></span> 
     </span>
     <span class='ocr_line' id='line_1_34' title="bbox 146 3230 1651 3312; baseline -0.002 -19"><span class='ocrx_word' id='word_1_362' title='bbox 146 3247 255 3312; x_wconf 72' lang='lat' dir='ltr'>aynan</span> <span class='ocrx_word' id='word_1_363' title='bbox 278 3230 379 3293; x_wconf 81' lang='lat' dir='ltr'>Vallis.</span> <span class='ocrx_word' id='word_1_364' title='bbox 922 3231 1060 3293; x_wconf 87' lang='lat' dir='ltr'>anecdot.</span> <span class='ocrx_word' id='word_1_365' title='bbox 1077 3231 1230 3293; x_wconf 88' lang='lat' dir='ltr'>Edmuudi</span> <span class='ocrx_word' id='word_1_366' title='bbox 1244 3234 1376 3292; x_wconf 88' lang='lat' dir='ltr'>Marteue</span> <span class='ocrx_word' id='word_1_367' title='bbox 1393 3247 1461 3310; x_wconf 86' lang='lat' dir='ltr'>pag.</span> <span class='ocrx_word' id='word_1_368' title='bbox 1480 3232 1551 3293; x_wconf 93' lang='grc'><strong>674.</strong></span> <span class='ocrx_word' id='word_1_369' title='bbox 1571 3233 1651 3310; x_wconf 82' lang='lat' dir='ltr'>Pogii</span> 
     </span>
     <span class='ocr_line' id='line_1_35' title="bbox 187 3322 1653 3403; baseline 0 -17"><span class='ocrx_word' id='word_1_370' title='bbox 187 3324 431 3389; x_wconf 81' lang='lat' dir='ltr'>HlEHONYHUS</span> <span class='ocrx_word' id='word_1_371' title='bbox 448 3326 585 3400; x_wconf 81' lang='lat' dir='ltr'>Paulas,</span> <span class='ocrx_word' id='word_1_372' title='bbox 606 3328 789 3399; x_wconf 78' lang='lat' dir='ltr'>cntalanus‚</span> <span class='ocrx_word' id='word_1_373' title='bbox 812 3329 868 3389; x_wconf 84' lang='lat' dir='ltr'>Ca·</span> <span class='ocrx_word' id='word_1_374' title='bbox 922 3325 1052 3386; x_wconf 84' lang='lat' dir='ltr'>Florenti</span> <span class='ocrx_word' id='word_1_375' title='bbox 1079 3325 1245 3403; x_wconf 86' lang='lat' dir='ltr'>Epistulam</span> <span class='ocrx_word' id='word_1_376' title='bbox 1270 3323 1309 3385; x_wconf 90' lang='lat' dir='ltr'>ad</span> <span class='ocrx_word' id='word_1_377' title='bbox 1338 3322 1557 3385; x_wconf 74' lang='grc' dir='ltr'><strong>40006οι4400·</strong></span> <span class='ocrx_word' id='word_1_378' title='bbox 1576 3326 1653 3386; x_wconf 85' lang='lat' dir='ltr'>Eru-</span> 
     </span>
     <span class='ocr_line' id='line_1_36' title="bbox 149 3417 1653 3493; baseline 0 -14"><span class='ocrx_word' id='word_1_379' title='bbox 149 3421 274 3480; x_wconf 88' lang='lat' dir='ltr'>uonicus</span> <span class='ocrx_word' id='word_1_380' title='bbox 287 3421 532 3490; x_wconf 81' lang='lat' dir='ltr'>Barcinonensis.</span> <span class='ocrx_word' id='word_1_381' title='bbox 551 3423 609 3483; x_wconf 90' lang='lat' dir='ltr'>sub</span> <span class='ocrx_word' id='word_1_382' title='bbox 626 3419 738 3483; x_wconf 87' lang='lat' dir='ltr'>sacculi</span> <span class='ocrx_word' id='word_1_383' title='bbox 755 3421 863 3482; x_wconf 90' lang='lat' dir='ltr'>decimi</span> <span class='ocrx_word' id='word_1_384' title='bbox 923 3437 1010 3493; x_wconf 91' lang='lat' dir='ltr'>uum,</span> <span class='ocrx_word' id='word_1_385' title='bbox 1026 3419 1185 3480; x_wconf 82' lang='lat' dir='ltr'>Aretinum</span> <span class='ocrx_word' id='word_1_386' title='bbox 1198 3420 1227 3477; x_wconf 92' lang='lat' dir='ltr'>in</span> <span class='ocrx_word' id='word_1_387' title='bbox 1241 3418 1381 3479; x_wconf 89' lang='lat' dir='ltr'>Orthuini</span> <span class='ocrx_word' id='word_1_388' title='bbox 1399 3417 1495 3478; x_wconf 81' lang='lat' dir='ltr'>Gratti</span> <span class='ocrx_word' id='word_1_389' title='bbox 1507 3417 1653 3480; x_wconf 81' lang='grc'><strong>4044040040</strong></span> 
     </span>
     <span class='ocr_line' id='line_1_37' title="bbox 149 3510 1648 3591; baseline 0.001 -19"><span class='ocrx_word' id='word_1_390' title='bbox 149 3513 246 3589; x_wconf 90' lang='lat' dir='ltr'>quinti</span> <span class='ocrx_word' id='word_1_391' title='bbox 258 3514 383 3585; x_wconf 83' lang='lat' dir='ltr'>exitum,</span> <span class='ocrx_word' id='word_1_392' title='bbox 401 3520 519 3590; x_wconf 90' lang='lat' dir='ltr'>praeter</span> <span class='ocrx_word' id='word_1_393' title='bbox 540 3514 721 3574; x_wconf 80' lang='grc' dir='ltr'><strong>8004004404οι</strong></span> <span class='ocrx_word' id='word_1_394' title='bbox 732 3512 870 3573; x_wconf 86' lang='lat' dir='ltr'>dedena-</span> <span class='ocrx_word' id='word_1_395' title='bbox 922 3528 1023 3572; x_wconf 85' lang='lat' dir='ltr'>rerum</span> <span class='ocrx_word' id='word_1_396' title='bbox 1035 3513 1273 3591; x_wconf 82' lang='lat' dir='ltr'>expetendarum</span> <span class='ocrx_word' id='word_1_397' title='bbox 1285 3510 1364 3572; x_wconf 90' lang='lat' dir='ltr'>etad</span> <span class='ocrx_word' id='word_1_398' title='bbox 1382 3511 1497 3572; x_wconf 85' lang='lat' dir='ltr'>calcem</span> <span class='ocrx_word' id='word_1_399' title='bbox 1512 3512 1648 3591; x_wconf 88' lang='lat' dir='ltr'>Operum</span> 
     </span>
     <span class='ocr_line' id='line_1_38' title="bbox 147 3603 1652 3686; baseline 0.002 -22"><span class='ocrx_word' id='word_1_400' title='bbox 147 3603 224 3664; x_wconf 86' lang='lat' dir='ltr'>tione</span> <span class='ocrx_word' id='word_1_401' title='bbox 242 3605 430 3666; x_wconf 86' lang='lat' dir='ltr'>Constantini</span> <span class='ocrx_word' id='word_1_402' title='bbox 445 3608 482 3666; x_wconf 89' lang='lat' dir='ltr'>ll.</span> <span class='ocrx_word' id='word_1_403' title='bbox 499 3614 697 3667; x_wconf 90' lang='lat' dir='ltr'>memoratam</span> <span class='ocrx_word' id='word_1_404' title='bbox 718 3608 867 3681; x_wconf 83' lang='grc' dir='ltr'><strong>60000οο,</strong></span> <span class='ocrx_word' id='word_1_405' title='bbox 921 3607 1046 3666; x_wconf 85' lang='grc'><strong>4000040</strong></span> <span class='ocrx_word' id='word_1_406' title='bbox 1067 3605 1160 3666; x_wconf 88' lang='grc'><strong>440004</strong></span> <span class='ocrx_word' id='word_1_407' title='bbox 1184 3615 1255 3666; x_wconf 89' lang='lat' dir='ltr'>tom.</span> <span class='ocrx_word' id='word_1_408' title='bbox 1274 3603 1535 3684; x_wconf 69' lang='lat' dir='ltr'>succutitur.</span> <span class='ocrx_word' id='word_1_409' title='bbox 1557 3613 1652 3686; x_wconf 83' lang='lat' dir='ltr'>atque</span> 
     </span>
     <span class='ocr_line' id='line_1_39' title="bbox 149 3696 1649 3778; baseline 0.002 -19"><span class='ocrx_word' id='word_1_410' title='bbox 149 3696 498 3777; x_wconf 77' lang='lat' dir='ltr'>scripsitdelluminibus</span> <span class='ocrx_word' id='word_1_411' title='bbox 510 3697 696 3761; x_wconf 78' lang='lat' dir='ltr'>rimantibus</span> <span class='ocrx_word' id='word_1_412' title='bbox 704 3701 869 3778; x_wconf 79' lang='lat' dir='ltr'>Hispaniae</span> <span class='ocrx_word' id='word_1_413' title='bbox 920 3699 989 3759; x_wconf 87' lang='lat' dir='ltr'>alibi</span> <span class='ocrx_word' id='word_1_414' title='bbox 1006 3698 1148 3773; x_wconf 83' lang='lat' dir='ltr'>obviam,</span> <span class='ocrx_word' id='word_1_415' title='bbox 1167 3701 1295 3761; x_wconf 82' lang='lat' dir='ltr'>AEueam</span> <span class='ocrx_word' id='word_1_416' title='bbox 1313 3698 1454 3777; x_wconf 83' lang='lat' dir='ltr'>Sylvium</span> <span class='ocrx_word' id='word_1_417' title='bbox 1472 3701 1505 3760; x_wconf 93' lang='lat' dir='ltr'>iu</span> <span class='ocrx_word' id='word_1_418' title='bbox 1521 3700 1649 3762; x_wconf 85' lang='lat' dir='ltr'>historia</span> 
     </span>
     <span class='ocr_line' id='line_1_40' title="bbox 148 3787 1650 3873; baseline 0.004 -21"><span class='ocrx_word' id='word_1_419' title='bbox 148 3787 550 3867; x_wconf 79' lang='lat' dir='ltr'>ctdourbeliarcinonensi,</span> <span class='ocrx_word' id='word_1_420' title='bbox 561 3810 639 3872; x_wconf 90' lang='lat' dir='ltr'>quae</span> <span class='ocrx_word' id='word_1_421' title='bbox 649 3796 795 3873; x_wconf 90' lang='lat' dir='ltr'>opuscula</span> <span class='ocrx_word' id='word_1_422' title='bbox 808 3794 868 3868; x_wconf 74' lang='lat' dir='ltr'>Aa·</span> <span class='ocrx_word' id='word_1_423' title='bbox 921 3791 1091 3867; x_wconf 83' lang='lat' dir='ltr'>Bobemiae,</span> <span class='ocrx_word' id='word_1_424' title='bbox 1110 3791 1162 3852; x_wconf 91' lang='lat' dir='ltr'>sed</span> <span class='ocrx_word' id='word_1_425' title='bbox 1176 3795 1337 3872; x_wconf 87' lang='lat' dir='ltr'>praecipue</span> <span class='ocrx_word' id='word_1_426' title='bbox 1347 3793 1423 3854; x_wconf 82' lang='lat' dir='ltr'>Acta</span> <span class='ocrx_word' id='word_1_427' title='bbox 1434 3795 1563 3856; x_wconf 86' lang='lat' dir='ltr'>concilii</span> <span class='ocrx_word' id='word_1_428' title='bbox 1573 3796 1650 3858; x_wconf 81' lang='lat' dir='ltr'>Gou-</span> 
     </span>
     <span class='ocr_line' id='line_1_41' title="bbox 142 3883 1648 3959; baseline 0.001 -13"><span class='ocrx_word' id='word_1_429' title='bbox 142 3883 232 3947; x_wconf 79' lang='lat' dir='ltr'>dress</span> <span class='ocrx_word' id='word_1_430' title='bbox 248 3884 393 3947; x_wconf 81' lang='lat' dir='ltr'>schottus</span> <span class='ocrx_word' id='word_1_431' title='bbox 409 3887 532 3947; x_wconf 75' lang='lat' dir='ltr'>exbibet</span> <span class='ocrx_word' id='word_1_432' title='bbox 549 3896 631 3948; x_wconf 92' lang='lat' dir='ltr'>tomo</span> <span class='ocrx_word' id='word_1_433' title='bbox 648 3887 781 3950; x_wconf 88' lang='lat' dir='ltr'>secundo</span> <span class='ocrx_word' id='word_1_434' title='bbox 801 3889 867 3948; x_wconf 87' lang='lat' dir='ltr'>llis-</span> <span class='ocrx_word' id='word_1_435' title='bbox 920 3887 1107 3959; x_wconf 89' lang='lat' dir='ltr'>stantiensis,</span> <span class='ocrx_word' id='word_1_436' title='bbox 1120 3888 1213 3946; x_wconf 86' lang='lat' dir='ltr'>etiam</span> <span class='ocrx_word' id='word_1_437' title='bbox 1227 3886 1648 3950; x_wconf 62' lang='lat' dir='ltr'>uzovtumadlnttanum.</span> 
     </span>
     <span class='ocr_line' id='line_1_42' title="bbox 147 3979 1665 4071; baseline 0.002 -31"><span class='ocrx_word' id='word_1_438' title='bbox 147 3981 255 4061; x_wconf 85' lang='grc'><strong>000400</strong></span> <span class='ocrx_word' id='word_1_439' title='bbox 271 3981 450 4043; x_wconf 86' lang='lat' dir='ltr'>illustratae.</span> <span class='ocrx_word' id='word_1_440' title='bbox 469 3980 615 4058; x_wconf 88' lang='lat' dir='ltr'>Ejusdem</span> <span class='ocrx_word' id='word_1_441' title='bbox 640 3981 781 4044; x_wconf 86' lang='lat' dir='ltr'>Codicem</span> <span class='ocrx_word' id='word_1_442' title='bbox 800 3983 866 4042; x_wconf 87' lang='lat' dir='ltr'>sive</span> <span class='ocrx_word' id='word_1_443' title='bbox 922 3979 968 4039; x_wconf 87' lang='grc'>48.</span> <span class='ocrx_word' id='word_1_444' title='bbox 992 3996 1056 4058; x_wconf 91' lang='lat' dir='ltr'>pag.</span> <span class='ocrx_word' id='word_1_445' title='bbox 1080 3979 1148 4042; x_wconf 87' lang='grc'><strong>477.</strong></span> <span class='ocrx_word' id='word_1_446' title='bbox 1170 3987 1201 4042; x_wconf 88' lang='grc'>04</span> <span class='ocrx_word' id='word_1_447' title='bbox 1223 3980 1279 4042; x_wconf 76' lang='lat' dir='ltr'>Aa.</span> <span class='ocrx_word' id='word_1_448' title='bbox 1300 3980 1562 4060; x_wconf 67' lang='lat' dir='ltr'>inamplius.</span> <span class='ocrx_word' id='word_1_449' title='bbox 1581 3983 1665 4071; x_wconf 42' lang='lat' dir='ltr'>tot..</span> 
     </span>
     <span class='ocr_line' id='line_1_43' title="bbox 150 4072 1648 4154; baseline 0 -20"><span class='ocrx_word' id='word_1_450' title='bbox 150 4072 868 4138; x_wconf 79' lang='lat' dir='ltr'>ProuinciaieEccicsiamnnOrbirclrrr&#39;siraaino-</span> <span class='ocrx_word' id='word_1_451' title='bbox 921 4089 984 4151; x_wconf 86' lang='lat' dir='ltr'>seq.</span> <span class='ocrx_word' id='word_1_452' title='bbox 1000 4074 1146 4136; x_wconf 78' lang='lat' dir='ltr'>iacobum</span> <span class='ocrx_word' id='word_1_453' title='bbox 1164 4076 1356 4136; x_wconf 89' lang='lat' dir='ltr'>Leniantium</span> <span class='ocrx_word' id='word_1_454' title='bbox 1373 4091 1492 4154; x_wconf 88' lang='lat' dir='ltr'>acprae</span> <span class='ocrx_word' id='word_1_455' title='bbox 1505 4077 1648 4138; x_wconf 88' lang='lat' dir='ltr'>omuibus</span> 
     </span>
     <span class='ocr_line' id='line_1_44' title="bbox 145 4167 1649 4249; baseline 0.003 -23"><span class='ocrx_word' id='word_1_456' title='bbox 145 4169 185 4227; x_wconf 89' lang='lat' dir='ltr'>tis</span> <span class='ocrx_word' id='word_1_457' title='bbox 203 4175 235 4229; x_wconf 89' lang='grc'>04</span> <span class='ocrx_word' id='word_1_458' title='bbox 250 4170 385 4230; x_wconf 86' lang='grc'><strong>00040040</strong></span> <span class='ocrx_word' id='word_1_459' title='bbox 401 4177 542 4230; x_wconf 91' lang='lat' dir='ltr'>ornatum</span> <span class='ocrx_word' id='word_1_460' title='bbox 559 4170 698 4249; x_wconf 90' lang='lat' dir='ltr'>vulgavit</span> <span class='ocrx_word' id='word_1_461' title='bbox 712 4169 866 4231; x_wconf 78' lang='lat' dir='ltr'>dabertus</span> <span class='ocrx_word' id='word_1_462' title='bbox 920 4167 1127 4227; x_wconf 88' lang='lat' dir='ltr'>Hermaunum</span> <span class='ocrx_word' id='word_1_463' title='bbox 1143 4168 1180 4228; x_wconf 93' lang='lat' dir='ltr'>ab</span> <span class='ocrx_word' id='word_1_464' title='bbox 1194 4168 1287 4229; x_wconf 88' lang='lat' dir='ltr'>Hardt</span> <span class='ocrx_word' id='word_1_465' title='bbox 1299 4169 1421 4230; x_wconf 92' lang='lat' dir='ltr'>concilii</span> <span class='ocrx_word' id='word_1_466' title='bbox 1435 4170 1649 4232; x_wconf 85' lang='lat' dir='ltr'>constantien·</span> 
     </span>
     <span class='ocr_line' id='line_1_45' title="bbox 147 4258 1649 4343; baseline 0.001 -21"><span class='ocrx_word' id='word_1_467' title='bbox 147 4263 274 4322; x_wconf 87' lang='lat' dir='ltr'>Miraeus</span> <span class='ocrx_word' id='word_1_468' title='bbox 290 4307 296 4336; x_wconf 87' lang='lat'>‚</span> <span class='ocrx_word' id='word_1_469' title='bbox 315 4264 398 4322; x_wconf 86' lang='lat' dir='ltr'>Paris</span> <span class='ocrx_word' id='word_1_470' title='bbox 421 4264 507 4325; x_wconf 91' lang='grc'><strong>4646.</strong></span> <span class='ocrx_word' id='word_1_471' title='bbox 527 4270 561 4324; x_wconf 87' lang='grc'>04</span> <span class='ocrx_word' id='word_1_472' title='bbox 578 4266 642 4342; x_wconf 84' lang='grc'><strong>4000</strong></span> <span class='ocrx_word' id='word_1_473' title='bbox 660 4262 818 4341; x_wconf 83' lang='lat' dir='ltr'>profitetur</span> <span class='ocrx_word' id='word_1_474' title='bbox 835 4263 865 4320; x_wconf 91' lang='lat' dir='ltr'>iu</span> <span class='ocrx_word' id='word_1_475' title='bbox 920 4258 1048 4318; x_wconf 86' lang='lat' dir='ltr'>sistam.</span> <span class='ocrx_word' id='word_1_476' title='bbox 1067 4260 1114 4319; x_wconf 89' lang='lat' dir='ltr'>tv.</span> <span class='ocrx_word' id='word_1_477' title='bbox 1139 4262 1190 4321; x_wconf 93' lang='lat' dir='ltr'>ubi</span> <span class='ocrx_word' id='word_1_478' title='bbox 1207 4278 1397 4340; x_wconf 84' lang='lat' dir='ltr'>programma</span> <span class='ocrx_word' id='word_1_479' title='bbox 1414 4261 1499 4341; x_wconf 86' lang='lat' dir='ltr'>ejus,</span> <span class='ocrx_word' id='word_1_480' title='bbox 1517 4281 1582 4343; x_wconf 93' lang='lat' dir='ltr'>quo</span> <span class='ocrx_word' id='word_1_481' title='bbox 1595 4265 1649 4326; x_wconf 91' lang='lat' dir='ltr'>sal-</span> 
     </span>
     <span class='ocr_line' id='line_1_46' title="bbox 148 4353 1648 4441; baseline 0.001 -25"><span class='ocrx_word' id='word_1_482' title='bbox 148 4358 282 4416; x_wconf 85' lang='lat' dir='ltr'>auctario</span> <span class='ocrx_word' id='word_1_483' title='bbox 297 4355 335 4416; x_wconf 92' lang='lat' dir='ltr'>de</span> <span class='ocrx_word' id='word_1_484' title='bbox 354 4357 385 4416; x_wconf 91' lang='lat' dir='ltr'>S.</span> <span class='ocrx_word' id='word_1_485' title='bbox 395 4358 430 4417; x_wconf 89' lang='lat' dir='ltr'>E.</span> <span class='ocrx_word' id='word_1_486' title='bbox 442 4374 509 4435; x_wconf 90' lang='lat' dir='ltr'>pag.</span> <span class='ocrx_word' id='word_1_487' title='bbox 522 4358 589 4420; x_wconf 81' lang='grc'><strong>465.</strong></span> <span class='ocrx_word' id='word_1_488' title='bbox 601 4357 659 4417; x_wconf 87' lang='lat' dir='ltr'>Sed</span> <span class='ocrx_word' id='word_1_489' title='bbox 673 4357 786 4434; x_wconf 88' lang='lat' dir='ltr'>nullam</span> <span class='ocrx_word' id='word_1_490' title='bbox 800 4356 867 4416; x_wconf 73' lang='lat' dir='ltr'>Hic·</span> <span class='ocrx_word' id='word_1_491' title='bbox 921 4369 995 4412; x_wconf 87' lang='lat' dir='ltr'>vum</span> <span class='ocrx_word' id='word_1_492' title='bbox 1012 4353 1199 4441; x_wconf 86' lang='lat' dir='ltr'>conductum</span> <span class='ocrx_word' id='word_1_493' title='bbox 1215 4355 1272 4417; x_wconf 92' lang='lat' dir='ltr'>sibi</span> <span class='ocrx_word' id='word_1_494' title='bbox 1284 4356 1346 4417; x_wconf 90' lang='lat' dir='ltr'>dari</span> <span class='ocrx_word' id='word_1_495' title='bbox 1358 4355 1395 4417; x_wconf 86' lang='lat' dir='ltr'>ab</span> <span class='ocrx_word' id='word_1_496' title='bbox 1407 4356 1648 4434; x_wconf 77' lang='lat' dir='ltr'>lmperotoroSi</span> 
     </span>
     <span class='ocr_line' id='line_1_47' title="bbox 148 4447 1648 4530; baseline 0.003 -22"><span class='ocrx_word' id='word_1_497' title='bbox 148 4452 266 4526; x_wconf 81' lang='lat' dir='ltr'>ronymi</span> <span class='ocrx_word' id='word_1_498' title='bbox 285 4449 365 4510; x_wconf 86' lang='lat' dir='ltr'>Pauli</span> <span class='ocrx_word' id='word_1_499' title='bbox 381 4453 564 4512; x_wconf 87' lang='lat' dir='ltr'>mentionem</span> <span class='ocrx_word' id='word_1_500' title='bbox 583 4451 646 4510; x_wconf 90' lang='lat' dir='ltr'>lieri</span> <span class='ocrx_word' id='word_1_501' title='bbox 663 4466 679 4510; x_wconf 90' lang='lat' dir='ltr'>a</span> <span class='ocrx_word' id='word_1_502' title='bbox 696 4451 805 4510; x_wconf 88' lang='lat' dir='ltr'>Miraeo</span> <span class='ocrx_word' id='word_1_503' title='bbox 822 4451 866 4507; x_wconf 90' lang='lat' dir='ltr'>vi·</span> <span class='ocrx_word' id='word_1_504' title='bbox 920 4447 1079 4525; x_wconf 90' lang='lat' dir='ltr'>gismundo</span> <span class='ocrx_word' id='word_1_505' title='bbox 1097 4454 1128 4507; x_wconf 89' lang='lat' dir='ltr'>et</span> <span class='ocrx_word' id='word_1_506' title='bbox 1144 4449 1266 4527; x_wconf 87' lang='lat' dir='ltr'>synodo</span> <span class='ocrx_word' id='word_1_507' title='bbox 1277 4451 1353 4528; x_wconf 88' lang='lat' dir='ltr'>petit</span> <span class='ocrx_word' id='word_1_508' title='bbox 1370 4466 1435 4528; x_wconf 92' lang='lat' dir='ltr'>pag.</span> <span class='ocrx_word' id='word_1_509' title='bbox 1451 4450 1520 4513; x_wconf 87' lang='grc'><strong>463,</strong></span> <span class='ocrx_word' id='word_1_510' title='bbox 1532 4458 1648 4530; x_wconf 82' lang='lat' dir='ltr'>eiquo</span> 
     </span>
    </p>
   </div>
   <div class='ocr_carea' id='block_1_3' title="bbox 30 4537 1645 4630">
    <p class='ocr_par' dir='ltr' id='par_1_3' title="bbox 30 4537 1645 4630">
     <span class='ocr_line' id='line_1_48' title="bbox 30 4537 1645 4630; baseline 0.004 -30"><span class='ocrx_word' id='word_1_511' title='bbox 30 4593 36 4600; x_wconf 89' lang='lat'>.</span> <span class='ocrx_word' id='word_1_512' title='bbox 149 4542 226 4616; x_wconf 83' lang='lat' dir='ltr'>deo,</span> <span class='ocrx_word' id='word_1_513' title='bbox 244 4550 276 4603; x_wconf 88' lang='lat' dir='ltr'>et</span> <span class='ocrx_word' id='word_1_514' title='bbox 293 4545 393 4618; x_wconf 87' lang='lat' dir='ltr'>mimr,</span> <span class='ocrx_word' id='word_1_515' title='bbox 408 4561 508 4623; x_wconf 89' lang='lat' dir='ltr'>neque</span> <span class='ocrx_word' id='word_1_516' title='bbox 524 4546 554 4604; x_wconf 92' lang='lat' dir='ltr'>ia</span> <span class='ocrx_word' id='word_1_517' title='bbox 573 4544 704 4605; x_wconf 90' lang='lat' dir='ltr'>editione</span> <span class='ocrx_word' id='word_1_518' title='bbox 717 4542 867 4604; x_wconf 79' lang='lat' dir='ltr'>illiusCo</span> <span class='ocrx_word' id='word_1_519' title='bbox 922 4537 1009 4598; x_wconf 92' lang='lat' dir='ltr'>modo</span> <span class='ocrx_word' id='word_1_520' title='bbox 1031 4546 1077 4600; x_wconf 91' lang='lat' dir='ltr'>ter</span> <span class='ocrx_word' id='word_1_521' title='bbox 1097 4545 1211 4602; x_wconf 85' lang='lat' dir='ltr'>citatus</span> <span class='ocrx_word' id='word_1_522' title='bbox 1233 4561 1298 4622; x_wconf 86' lang='lat' dir='ltr'>pag.</span> <span class='ocrx_word' id='word_1_523' title='bbox 1323 4544 1390 4604; x_wconf 87' lang='grc'><strong>449.</strong></span> <span class='ocrx_word' id='word_1_524' title='bbox 1413 4542 1486 4630; x_wconf 32' lang='grc'><strong>446..</strong></span> <span class='ocrx_word' id='word_1_525' title='bbox 1513 4543 1645 4625; x_wconf 88' lang='lat' dir='ltr'>denique</span> 
     </span>
    </p>
   </div>
   <div class='ocr_carea' id='block_1_4' title="bbox 150 4634 1647 4906">
    <p class='ocr_par' dir='ltr' id='par_1_4' title="bbox 150 4634 1647 4906">
     <span class='ocr_line' id='line_1_49' title="bbox 151 4634 1647 4715; baseline 0.002 -18"><span class='ocrx_word' id='word_1_526' title='bbox 151 4634 227 4697; x_wconf 92' lang='lat' dir='ltr'>dicis</span> <span class='ocrx_word' id='word_1_527' title='bbox 247 4636 283 4696; x_wconf 91' lang='lat' dir='ltr'>ad</span> <span class='ocrx_word' id='word_1_528' title='bbox 305 4637 418 4698; x_wconf 86' lang='lat' dir='ltr'>calcem</span> <span class='ocrx_word' id='word_1_529' title='bbox 440 4639 625 4700; x_wconf 86' lang='lat' dir='ltr'>collectionis</span> <span class='ocrx_word' id='word_1_530' title='bbox 645 4637 866 4710; x_wconf 83' lang='lat' dir='ltr'>Decretalium,</span> <span class='ocrx_word' id='word_1_531' title='bbox 921 4639 1143 4712; x_wconf 88' lang='lat' dir='ltr'>comparuerit,</span> <span class='ocrx_word' id='word_1_532' title='bbox 1163 4653 1227 4715; x_wconf 85' lang='lat' dir='ltr'>pag.</span> <span class='ocrx_word' id='word_1_533' title='bbox 1248 4639 1315 4699; x_wconf 85' lang='grc'><strong>443.</strong></span> <span class='ocrx_word' id='word_1_534' title='bbox 1332 4637 1472 4715; x_wconf 87' lang='lat' dir='ltr'>captivus</span> <span class='ocrx_word' id='word_1_535' title='bbox 1490 4637 1564 4699; x_wconf 86' lang='lat' dir='ltr'>inde</span> <span class='ocrx_word' id='word_1_536' title='bbox 1579 4656 1647 4702; x_wconf 80' lang='lat' dir='ltr'>exa·</span> 
     </span>
     <span class='ocr_line' id='line_1_50' title="bbox 150 4728 1643 4810; baseline 0.001 -19"><span class='ocrx_word' id='word_1_537' title='bbox 150 4731 275 4809; x_wconf 81' lang='lat' dir='ltr'>vulgata</span> <span class='ocrx_word' id='word_1_538' title='bbox 295 4749 312 4791; x_wconf 93' lang='lat' dir='ltr'>a</span> <span class='ocrx_word' id='word_1_539' title='bbox 334 4731 442 4794; x_wconf 88' lang='lat' dir='ltr'>Carolo</span> <span class='ocrx_word' id='word_1_540' title='bbox 464 4733 580 4795; x_wconf 87' lang='lat' dir='ltr'>Labbeo</span> <span class='ocrx_word' id='word_1_541' title='bbox 603 4735 692 4793; x_wconf 85' lang='lat' dir='ltr'>Paris.</span> <span class='ocrx_word' id='word_1_542' title='bbox 717 4730 805 4792; x_wconf 89' lang='grc'><strong>4646.</strong></span> <span class='ocrx_word' id='word_1_543' title='bbox 818 4729 868 4790; x_wconf 89' lang='grc'><strong>401.</strong></span> <span class='ocrx_word' id='word_1_544' title='bbox 922 4728 1054 4788; x_wconf 91' lang='lat' dir='ltr'>minatus</span> <span class='ocrx_word' id='word_1_545' title='bbox 1065 4748 1130 4810; x_wconf 86' lang='lat' dir='ltr'>pag.</span> <span class='ocrx_word' id='word_1_546' title='bbox 1146 4732 1213 4792; x_wconf 78' lang='grc'><strong>246.</strong></span> <span class='ocrx_word' id='word_1_547' title='bbox 1227 4731 1552 4792; x_wconf 80' lang='lat' dir='ltr'>t8t.recantareritex</span> <span class='ocrx_word' id='word_1_548' title='bbox 1562 4728 1643 4794; x_wconf 88' lang='lat' dir='ltr'>metu</span> 
     </span>
     <span class='ocr_line' id='line_1_51' title="bbox 154 4823 1644 4906; baseline 0.001 -22"><span class='ocrx_word' id='word_1_549' title='bbox 154 4827 297 4903; x_wconf 77' lang='lat' dir='ltr'>usquein</span> <span class='ocrx_word' id='word_1_550' title='bbox 317 4827 420 4886; x_wconf 88' lang='lat' dir='ltr'>notitia</span> <span class='ocrx_word' id='word_1_551' title='bbox 438 4828 650 4906; x_wconf 85' lang='lat' dir='ltr'>Episcopatam</span> <span class='ocrx_word' id='word_1_552' title='bbox 668 4823 869 4890; x_wconf 81' lang='lat' dir='ltr'>Orbiscbris·</span> <span class='ocrx_word' id='word_1_553' title='bbox 921 4831 953 4883; x_wconf 87' lang='lat' dir='ltr'>et</span> <span class='ocrx_word' id='word_1_554' title='bbox 984 4825 1090 4886; x_wconf 88' lang='lat' dir='ltr'>timore</span> <span class='ocrx_word' id='word_1_555' title='bbox 1116 4844 1181 4906; x_wconf 83' lang='lat' dir='ltr'>pag.</span> <span class='ocrx_word' id='word_1_556' title='bbox 1205 4825 1276 4887; x_wconf 84' lang='grc'><strong>764.</strong></span> <span class='ocrx_word' id='word_1_557' title='bbox 1298 4825 1368 4889; x_wconf 76' lang='grc'><strong>684.</strong></span> <span class='ocrx_word' id='word_1_558' title='bbox 1389 4824 1460 4886; x_wconf 83' lang='grc'><strong>497.</strong></span> <span class='ocrx_word' id='word_1_559' title='bbox 1483 4825 1555 4886; x_wconf 78' lang='lat' dir='ltr'>tas.</span> <span class='ocrx_word' id='word_1_560' title='bbox 1577 4828 1644 4888; x_wconf 77' lang='grc'><strong>664.</strong></span> 
     </span>
    </p>
   </div>
   <div class='ocr_carea' id='block_1_5' title="bbox 0 0 1692 5536">
    <p class='ocr_par' dir='ltr' id='par_1_5' title="bbox 0 0 1692 5536">
     <span class='ocr_line' id='line_1_52' title="bbox 0 0 1692 5536; baseline 0 0"><span class='ocrx_word' id='word_1_561' title='bbox 0 0 1692 5536; x_wconf 95' lang='lat' dir='ltr'> </span> 
     </span>
    </p>
   </div>
  </div>
 </body>
</html>
