3608 5604
800 117 907 180 LEO
1031 181 1035 194 ,
1527 123 1587 186 589

105 224 279 287 Gennadius
298 239 362 302 cap.
385 223 433 284 84.
455 229 485 286 44
505 241 543 286 ex
564 243 600 288 eo
625 225 816 290 Marcellinus
871 231 969 288 tumen
988 225 1024 288 de
1044 224 1181 288 Adventu
1203 227 1322 288 94444444
1342 229 1370 304 4)
1391 227 1427 290 ile
1438 229 1588 292 4941444444·

105 323 135 381 44
162 321 310 384 04444444
330 316 367 380 ad
388 336 438 379 an.
460 318 528 380 448.
549 321 701 402 Epistulas
723 322 817 399 Papae
874 319 903 394 4)
923 318 960 381 de
979 319 1173 400 Apporitione
1183 324 1210 397 4)
1230 314 1589 401 4414444440444944-

106 417 214 476 Leonis
232 411 381 497 adversus
403 413 561 492 Eutychen
583 414 621 476 ds
638 413 759 477 Cllristi
774 416 821 474 in·
875 413 956 474 sione
986 417 1013 492 gl
1046 411 1082 474 44
1102 420 1206 475 sancto
1230 415 1396 476 Pentecoste
1418 416 1446 490 44)
1464 415 1596 496 plurimi

104 509 277 570 carnalisne
297 513 328 569 et
347 505 385 566 ad
406 506 544 570 diversos
563 508 649 574 datas
659 555 669 586 ,
696 525 713 569 a
738 509 822 570 9410-
876 502 1032 568 labentur.
1055 508 1090 566 ln
1110 509 1289 568 Cunctorum
1310 525 1425 587 quoque
1438 508 1592 570 Nutnlitr‘as

105 602 226 664 SPEEO
257 599 386 660 dictatas
417 599 475 662 dici
506 602 644 664 affirmat.
678 605 822 680 Prospero
877 601 905 677 4)
926 598 1062 661 nonnulli
1082 598 1178 662 4444444
1197 601 1399 663 inueniuntur.

105 697 196 756 etiam
218 690 415 754 vindicandas
435 693 558 754 easdem
578 693 635 756 sibi
653 695 763 756 sumsit
774 698 824 756 te-
915 695 1073 756 8444444444
1094 696 1125 756 S.
1146 697 1255 758 Leonis
1285 696 1421 774 plerique
1453 701 1594 760 recensiti

106 787 224 868 sophus
244 785 415 848 balsimius
436 787 467 846 in
494 785 756 850 dissertationibus
784 787 822 852 de
875 789 965 848 etiarn
987 803 1005 848 a
1027 789 1377 851 FranciscoCombetisio
1392 793 1420 849 44
1434 791 1595 852 844144444-

105 884 189 942 veris
209 878 352 958 operibus
374 879 426 940 SS.
448 878 570 942 Petrum
591 883 700 942 Leonis
725 883 823 962 Magni
875 897 910 944 ce
931 881 1168 948 Concionatoria.
1191 883 1356 954 Sermones
1378 884 1461 944 xxi.
1483 886 1513 944 in
1545 884 1596 944 Al-

104 983 138 1038 et
158 973 293 1053 Prosperi
312 972 469 1050 Aquitani:
491 989 526 1035 ac
548 982 701 1051 praeterea
734 974 823 1056 Cupi·
875 975 956 1037 ouini
977 975 1160 1037 Humiliario.
1180 977 1289 1038 Leonis
1312 977 1350 1038 iii.
1366 992 1525 1038 sermones
1540 979 1598 1038 lta·

105 1068 169 1130 tulo
189 1063 351 1128 deliratio
371 1064 464 1142 441,
482 1065 708 1132 CELESTlNO
729 1070 750 1130 l.
770 1070 822 1130 Pa·
875 1068 930 1130 lice
952 1069 1034 1130 versi
1056 1086 1073 1130 a
1094 1069 1229 1148 Pbilippo
1256 1070 1396 1146 Cossini,
1429 1071 1596 1132 Florentiae

105 1179 161 1242 pas
181 1161 282 1240 potius
308 1158 487 1232 tribuenda,
515 1158 553 1220 ds
584 1161 695 1239 quibus
729 1177 821 1238 supra
876 1161 964 1224 4484.
986 1162 1035 1224 iol.
1055 1169 1087 1224 et
1107 1179 1124 1224 a
1146 1162 1283 1224 Gabriele
1317 1165 1463 1232 Foresto.
1489 1164 1596 1225 94444.

104 1261 179 1318 44.44
200 1257 212 1316 4
239 1269 306 1333 pag.
327 1253 396 1314 494.
417 1250 580 1330 Epistulam
597 1251 637 1314 ud
655 1254 822 1314 Demetrio·
876 1253 965 1320 4547.
985 1271 1020 1316 44
1042 1256 1178 1317 44444144
1200 1273 1218 1318 a
1239 1255 1373 1317 Galeatio
1401 1257 1596 1318 Florimonte.

103 1347 171 1410 4444
203 1348 242 1408 do
274 1346 638 1408 444441444440444444444
667 1354 699 1408 et
729 1344 821 1408 libros
873 1349 944 1412 ibid.
964 1349 1050 1412 4444.
1074 1349 1101 1411 4.
1122 1349 1266 1410 Gallicam
1303 1350 1475 1410 versionem
1506 1353 1597 1410 toan·

104 1439 182 1503 duos
202 1438 238 1500 444
257 1436 553 1500 Vocationsomns'uns
570 1438 707 1524 Centrum
717 1455 820 1519 ‚quas
873 1443 921 1504 nis
939 1445 1084 1519 Bertaut,
1105 1438 1244 1520 Episcopi
1267 1442 1334 1519 Sag'
1310 1444 1421 1502 nensis
1443 1457 1590 1504 memoras

103 1534 283 1597 9410898441
304 1535 382 1592 inter
401 1535 514 1612 scripta
535 1517 646 1594 4444444
663 1534 818 1612 leguntur,
871 1534 946 1598 Lud.
960 1533 1089 1596 lacobus
1111 1552 1176 1613 pag.
1197 1533 1265 1596 4444.
1286 1534 1362 1596 14444
1385 1535 1564 1596 Pontificius.

104 1636 138 1690 44
158 1629 249 1688 Leoni
269 1626 453 1699 0444441144
473 1625 637 1688 tribuerat:
659 1627 820 1690 448444444-
909 1628 1034 1688 Decretu
1053 1628 1186 1688 744114.Ι
1181 1645 1210 1688 44
1241 1627 1422 1688 collectione
1451 1629 1587 1704 Dionysii

103 1739 179 1783 nune
198 1721 367 1800 plerosque.
390 1721 481 1780 Paris.
504 1719 593 1781 4689.
614 1719 643 1781 l.
664 1723 691 1794 a)
716 1721 820 1782 44444-
871 1722 979 1800 Exiguo
991 1720 1594 1792 94444444.444441444044441444,8049.

104 1819 167 1878 mio
186 1813 340 1892 respondit
359 1813 551 1884 0444449444
571 1815 601 1872 44
622 1814 755 1893 Epistola
774 1816 820 1874 in·
872 1815 1018 1896 prioribus
1038 1817 1145 1876 Leonis
1155 1814 1337 1875 editionibus
1349 1811 1503 1895 Epistulae
1515 1813 1592 1876 0141.

105 1917 189 1971 serta
223 1905 475 1985 premeridibus
507 1906 694 1970 eruditorum
727 1909 818 1970 Paris.
874 1914 906 1970 et
927 1909 957 1968 in
982 1909 1073 1968 tomis
1094 1906 1297 1969 Consiliorum
1314 1908 1425 1985 liegia,
1441 1907 1551 1968 Labbei
1567 1913 1599 1967 st

106 2003 197 2066 4689.
218 2003 265 2063 45.
287 1999 362 2078 Aug.
383 2005 415 2060 44
427 1999 576 2077 Dupinius
593 2006 664 2060 tom.
679 2000 728 2061 19.
745 1999 819 2062 8444.
874 2000 980 2063 coleti.
1003 1998 1063 2065 Sed
1088 2000 1273 2072 0444444444
1293 2002 1324 2060 44
1340 2017 1396 2062 444
1414 2003 1512 2062 Leone
1528 1999 1600 2079 Epi·

103 2097 223 2159 Eccles.
243 2111 271 2173 p.
293 2094 363 2155 449.
383 2109 447 2171 seq.
465 2109 638 2172 quanquam
656 2094 821 2155 Niceronus
873 2091 967 2154 stolus
990 2092 1086 2155 04444.
1102 2091 1206 2154 ordine
1224 2095 1380 2172 temporis,
1398 2111 1457 2172 quo
1469 2095 1599 2172 scriptas

104 2188 266 2251 Barnabita
301 2187 329 2260 4)
362 2184 454 2248 tradit
484 2188 645 2264 Dupininm
680 2185 821 2248 Antelmo
874 2194 960 2264 sunt,
975 2185 1111 2265 digestas
1132 2194 1164 2248 et
1182 2188 1262 2248 uotis
1280 2187 1448 2250 illustratas
1460 2187 1599 2248 exhibuit

102 2297 267 2346 assensum
287 2281 382 2360 prius,
400 2281 429 2340 in
447 2279 601 2352 044444414
614 2279 739 2358 gratiam
753 2295 821 2340 sen·
873 2279 1006 2340 indicem
1027 2297 1132 2340 eornm
1154 2276 1191 2342 ad
1213 2295 1290 2358 quos
1308 2277 1370 2340 Lao
1388 2282 1529 2358 scripsit,
1546 2279 1599 2340 de-

103 2378 233 2438 tentiam
255 2381 399 2436 44444444.
427 2373 584 2435 Adversus
613 2373 820 2444 Qvesnellium
873 2371 903 2434 di
925 2375 955 2432 in
980 2374 1191 2452 supplemento
1218 2373 1269 2434 lib.
1300 2374 1348 2434 19.
1370 2374 1445 2436 9444.
1477 2376 1599 2434 Latinae

102 2469 257 2549 Epistulae
273 2483 350 2546 quae
363 2464 822 2546 responsoriaeprndiernnni'a·
872 2481 937 2544 cap.
955 2467 983 2526 3.
1007 2465 1142 2544 Epistola
1162 2465 1200 2526 ad
1223 2466 1380 2532 Turibium
1402 2471 1512 2528 contre
1530 2466 1598 2528 Pri-

103 2565 158 2624 ris.
180 2561 267 2623 4499.
291 2562 318 2620 4.
334 2558 414 2620 deux
432 2560 539 2622 lettres
556 2557 593 2620 de
611 2559 753 2622 94444444
767 2558 821 2619 444
873 2556 1066 2620 scillrirniatos
1086 2576 1133 2620 sn.
1154 2557 1223 2618 447.
1245 2567 1330 2622 extat
1345 2562 1424 2620 notis
1442 2561 1593 2625 illustrata

104 2655 320 2718 dissertatione
341 2658 399 2714 etc.
875 2653 903 2710 in
925 2653 1055 2729 Agvirrii
1076 2652 1220 2714 Conciliis
1242 2653 1403 2732 llispanies
1425 2659 1498 2712 tom.
1520 2651 1550 2712 4.
1569 2669 1599 2730 p.

145 2747 324 2824 Euonymus
343 2745 525 2807 bellicensis
545 2762 611 2826 cap.
633 2743 660 2806 7.
682 2746 740 2806 Leo
759 2746 823 2808 Mo·
876 2739 934 2802 497
961 2740 1051 2819 Apud
1072 2741 1203 2802 eundern
1225 2741 1353 2819 epistola
1374 2738 1419 2814 ‘de
1450 2739 1611 2802 Poscbote*

102 2857 206 2922 gnus,
237 2837 440 2920 Apostolicus,
472 2837 663 2901 Declomutor
683 2837 820 2918 egregiae
874 2852 924 2896 an.
945 2835 1016 2896 tas.
1038 2833 1108 2894 data
1128 2833 1166 2896 ad
1187 2835 1352 2914 Episcopus
1373 2833 1540 2896 Galliarum
1564 2839 1595 2894 et

105 2932 168 3016 fuit
205 2933 260 3015 qni
291 2929 383 2994 Verbo
414 2935 444 2994 et
462 2928 598 3011 exemplo
630 2930 820 2994 Christianae
874 2928 1083 3006 Hispaniarum
1104 2942 1171 3006 pag.
1195 2928 1263 2989 443.
1284 2935 1316 2988 44
1342 2925 1424 3008 apud
1457 2927 1591 2988 8444444-

107 3025 252 3106 lietr'pioni
264 3023 429 3104 plurimum
441 3022 568 3106 profuit,
587 3027 691 3086 Porro.
703 3026 835 3088 844444·
875 3019 947 3083 dum
969 3022 998 3082 in
1016 3020 1157 3082 Consiliis
1177 3019 1289 3084 Galliae
1311 3027 1382 3080 4444.
1401 3023 1412 3081 4
1435 3037 1502 3099 pag.
1522 3022 1591 3081 448.
1664 3037 1671 3048 ’

108 3139 181 3184 num
203 3110 285 3181 illisu
306 3120 438 3181 imerius
459 3123 504 3180 est
521 3135 678 3180 4444444444
693 3134 822 3198 quorum
874 3113 1075 3177 Celeberrima
1093 3119 1194 3176 autem
1208 3113 1257 3176 illa
1274 3112 1442 3192 dogmatica
1462 3110 1505 3172 od
1525 3109 1598 3172 Fle-

156 3317 183 3380 s)
208 3319 324 3368 diurnale
340 3317 500 3370 da’lettsrstl
519 3319 546 3368 44
566 3316 656 3367 Parma
674 3315 744 3368 4489.
768 3327 825 3379 pag.
916 3310 944 3374 d)
960 3313 1090 3364 84444444
1104 3313 1308 3376 8494144444
1337 3323 1416 3378 usqne
1431 3310 1463 3362 ed
1483 3308 1602 3363 44444444·

111 3393 168 3446 249.
188 3397 250 3446 nist.
270 3395 314 3446 des
329 3403 451 3455 ouvrages
466 3391 497 3442 de
513 3396 650 3443 8444444.
672 3391 741 3442 illiti.
758 3391 828 3442 arrii
872 3390 1004 3452 guinem.

103 3481 161 3545 pag.
182 3469 237 3519 884.
916 3463 942 3526 e)
961 3465 1091 3512 Sermones
1109 3464 1172 3512 9111.
1189 3459 1534 3526 tasptpnenteiaomteta
1551 3463 1600 3510 tri·

150 3542 178 3604 4)
191 3545 303 3593 11444414.
316 3543 359 3593 444
370 3537 494 3602 bosamen}
495 3540 645 3594 illustrari.
658 3543 688 3590 9.
700 3551 757 3603 pag.
774 3535 828 3588 444.
874 3542 968 3600 gesimo
984 3529 1017 3586 sd
1034 3539 1193 3598 trigesimum
1209 3539 1355 3599 septimum.

146 3613 710 3678 4)44444444444444444,444141444144.
739 3617 831 3665 Leonis
919 3609 995 3672 0444
1010 3609 1120 3672 ternario
1132 3611 1228 3662 darien
1240 3611 1344 3662 taansss
1356 3613 1420 3662 etde
1429 3611 1595 3672 4144444444

100 3703 227 3743 sermome
243 3699 351 3751 estant,
381 3691 433 3742 sed.
460 3693 574 3742 vicissim
601 3695 701 3742 autent
724 3701 831 3751 44444444
876 3688 1005 3754 44444444,
1021 3699 1153 3740 sermones
1170 3699 1261 3739 noram
1277 3687 1309 3737 ab
1326 3685 1463 3738 undecimo
1479 3685 1605 3736 adunda-

100 3779 152 3818 444
165 3771 279 3818 4444444441
290 3772 454 3830 anonymus
467 3778 548 3817 sermo
561 3766 594 3814 ds
606 3773 670 3816 tra
651 3765 832 3829 nsptguretio-
876 3763 1035 3826 vigesimum.
1051 3765 1083 3811 144
1099 3760 1249 3822 deserunlo
1262 3761 1371 3826 septenas
1384 3762 1487 3814 Menses
1499 3772 1600 3812 sermo

101 3857 137 3892 ns
152 3843 285 3900 Domai
305 3844 331 3892 ln
349 3841 474 3904 04444491
490 3843 600 3892 editione
618 3843 702 3889 844444
728 3839 768 3888 94.
794 3836 833 3890 na
877 3850 920 3887 uss
937 3835 1113 3887 noreuratll.
1131 3837 1162 3886 ad
1178 3837 1219 3887 94.

102 3917 231 3984 gradibus
248 3916 439 3964 adscensionts
460 3915 496 3962 ed
513 3913 714 3962 beatitudinem
729 3913 770 3961 98.
787 3914 832 3975 qut
918 3909 1294 3973 maerensmaerens
1321 3893 1536 3970 Quodregsstnse
1566 3907 1599 3955 ab

104 3993 137 4046 sb
153 3993 209 4043 aliis
225 3991 334 4042 4441444
351 3991 460 4040 Festum
476 3989 594 4038 omniurn
613 3989 773 4040 Senatorum
790 3990 833 4036 14-
874 3985 915 4036 88.
931 3983 964 4033 44
979 3984 1020 4036 49.
1037 3981 1362 4046 sequunturdePesstone
1377 3982 1488 4032 uentus
1502 3985 1603 4032 844444-

101 4067 290 4120 walbrunus
306 4064 427 4115 eolleests
452 4069 479 4112 at
505 4063 681 4126 etaamesnata
707 4073 833 4112 sermones
876 4070 921 4110 ecs
937 4061 998 4108 848.
1014 4070 1030 4109 s
1046 4061 1258 4122 quinquagesimo
1272 4068 1353 4120 usque
1368 4057 1401 4106 ad
1416 4055 1599 4118 ”mseriarum

105 4147 150 4193 94.
167 4145 293 4206 equinis
313 4140 346 4192 sd
364 4141 497 4190 4441444444.
515 4139 548 4188 ln
563 4137 632 4200 testo
650 4136 834 4188 CettsdroeS.
877 4139 1004 4184 44444444.
1018 4131 1172 4184 tritbemius
1184 4144 1240 4196 cap.
1252 4130 1307 4182 158.
1320 4129 1439 4182 1144444444
1456 4131 1535 4180 49111.
1551 4143 1602 4180 me-

102 4218 183 4270 Petrl
202 4215 327 4280 Apostoll
345 4213 461 4277 <dubium
477 4224 510 4264 sn
528 4212 635 4275 Leonis)
651 4213 690 4262 oo.
704 4215 790 4262 termo
806 4211 836 4259 ln
879 4213 973 4258 morat.

103 4293 150 4342 dle
168 4289 385 4341 consecr-ettonis
402 4291 483 4352 ipsius
501 4287 598 4336 monis
612 4293 637 4336 et
650 4291 700 4337 tres
713 4287 743 4334 tn
755 4285 835 4337 enni·
923 4283 951 4343 b)
967 4285 1098 4333 844444444
1114 4289 1165 4332 tres
1180 4280 1213 4330 de
1229 4282 1385 4331 Pentecoste
1402 4287 1449 4330 444
1443 4285 1554 4340 4444444444·
1567 4277 1599 4326 de

109 4368 237 4418 4444444444
256 4364 439 4414 assumtionis
455 4359 653 4423 catenatione,
672 4360 694 4412 4.
710 4361 734 4410 4.
761 4362 785 4410 8.
809 4358 835 4411 L
879 4357 989 4419 Jejuns’o
1006 4359 1196 4420 Pentecostss,
1213 4359 1286 4407 478.
1305 4357 1335 4410 44
1352 4356 1393 4406 79.

104 4437 397 4490 transmisissemus
413 4433 498 4484 brevis
514 4441 603 4484 contra
617 4433 748 4495 surreiae
762 4432 837 4484 bsbt·
923 4436 943 4495 1)
961 4435 994 4485 le
1008 4433 1106 4486 Notati
1122 4433 1315 4496 Apostolorum
1331 4430 1408 4483 Petri
1422 4434 1448 4480 et
1461 4427 1542 4480 rents
1551 4441 1605 4478 ser

105 4523 148 4566 tus
165 4509 671 4572 144944141444444144144,4197.444.
689 4522 720 4560 es
747 4511 836 4560 94441-
880 4522 920 4560 444
939 4509 979 4560 so.
996 4511 1031 4572 (et
1047 4508 1110 4558 sitas
1126 4507 1265 4572 appendice
1281 4519 1340 4572 pag,
1359 4505 1425 4566 189.)
1451 4506 1483 4554 in
1508 4510 1603 4554 octone

108 4589 175 4644 ticeli
192 4593 327 4648 14444444,
344 4588 432 4636 oratio
450 4585 479 4632 tn
498 4585 704 4636 consecratione
716 4585 793 4634 electi
803 4585 833 4633 tn
878 4584 1021 4634 eorundem
1032 4583 1222 4646 Apostolorum
1233 4580 1607 4646 841441944444444144444444-

108 4668 281 4730 Episcopum.
299 4663 386 4712 oratio
405 4661 632 4712 inordinatione
661 4659 836 4723 Presbyteri,
879 4665 967 4721 inrum
984 4657 1197 4716 4444οαὺ44444,
1214 4659 1256 4706 84.
1274 4659 1307 4708 ln
1335 4657 1405 4720 testo
1421 4658 1448 4708 8.
1465 4655 1610 4706 Laurentii

110 4747 136 4791 st
152 4735 837 4799 atieeunoarebtdtaeeniadspiscopureproreson·
879 4733 1012 4796 ttertprs's
1029 4733 1069 4784 88.
1086 4739 1173 4796 (quens
1189 4736 1212 4784 8.
1230 4736 1369 4786 4844491441
1397 4732 1606 4796 dispatenslnra·

109 4814 248 4866 sitieuane
264 4811 470 4864 permeantium.
881 4808 948 4862 lebet
966 4808 1116 4872 0444441144
1131 4809 1254 4872 tribuere)
