3624 5600
725 109 973 186 JOANNES
1534 120 1597 191 435

101 218 169 280 586.
191 217 354 296 praecipue
385 218 589 298 eloquentiam
612 219 680 298 ejus
702 220 819 300 praedi·
870 218 923 281 soi
937 226 969 280 44
984 216 1186 280 444444444νί4
1205 221 1385 284 Laurentius
1402 223 1507 285 Valla:
1525 226 1592 304 ipsa
1663 283 1667 294 ,

101 327 175 374 cans
195 327 287 390 quam
309 311 339 370 in
363 310 505 374 04444444
533 311 576 374 444
595 311 683 374 Mum
704 313 744 372 44.
766 315 821 374 Ρ4-
872 314 996 390 scripsit
1030 312 1271 375 Commentarios
1302 313 1521 380 Grammaticos
1554 317 1591 379 de
1636 339 1646 368 4

101 421 171 484 pam
184 404 415 466 demonstravit.
430 405 513 468 Alias
527 423 648 484 quoque
661 404 729 484 ejus
744 406 822 466 Oro-
869 409 1015 485 potestate
1037 403 1195 466 literarum
1215 410 1246 466 ct
1263 404 1299 466 de
1316 406 1531 490 orthographia
1546 411 1591 471 di·

103 498 197 558 tiones
217 496 260 558 cd
280 498 471 578 Porporotos
494 499 601 561 Patres
621 506 653 560 44
671 498 715 560 od
730 500 821 560 Pctu-
874 497 1004 558 otiorum
1019 515 1036 558 4
1053 497 1179 558 Graecis
1193 503 1372 577 troctctom,
1394 501 1490 564 editos
1503 505 1589 564 hom.
1694 569 1699 586 „

100 589 217 653 dissuas
249 591 357 652 baleus
377 593 454 654 Vlll.
476 591 526 656 tt.
549 599 718 666 memorat,
740 594 821 676 sicut
874 589 962 652 4474.
981 592 1157 653 vincentiae
1173 592 1511 658 trimitanensibus.
1529 599 1594 660 Non

100 682 253 764 Epistulas
274 701 418 762 quoque,
440 693 473 746 et
492 686 618 766 Anglice
638 686 677 746 ab
696 701 733 746 eo
754 701 822 745 ver·
873 683 955 746 aliud
978 684 1101 745 Torteili
1122 700 1200 763 opus
1219 701 1289 746 esse
1310 686 1445 748 4444444
1457 690 1539 768 quod
1555 690 1593 750 ab

101 795 135 840 sa
147 779 304 840 Ciceronis
318 779 466 842 Catonern
482 796 518 842 ac
535 781 670 844 Laelium
688 795 745 842 uec
762 795 822 840 nou
875 775 1061 854 Hieronymo
1081 779 1176 854 liagio
1206 779 1241 838 ll.
1264 779 1312 840 44.
1335 781 1497 844 lliscellan.
1521 787 1595 843 tom.

101 871 275 934 itCornelii
286 870 392 949 etGaji
404 873 539 934 Flaminii
551 871 710 934 Orationes
721 872 759 934 de
770 889 822 934 va·
875 869 1052 932 2444444444
1074 871 1177 932 critici
1208 870 1381 933 Gruteriani
1413 889 1480 952 pag.
1504 871 1592 936 4339.

58 1027 61 1036 ,
100 981 134 1026 44
148 965 319 1026 Nobilitate.
333 963 450 1026 Eadem
465 973 569 1026 narret
580 967 700 1026 Pitssus
711 983 739 1044 p.
752 965 821 1026 664.
876 968 1121 1039 memoratur,ac
1141 969 1245 1024 contra
1266 963 1429 1026 Galeotum
1450 968 1594 1030 ldarcium

142 1055 316 1119 JOANNES
329 1055 562 1136 Tessinphtonus,
574 1057 740 1120 Lelandcc.
753 1059 822 1120 455.
875 1053 1065 1132 detenditur,
1085 1055 1163 1116 bene
1185 1059 1303 1120 monuit
1318 1057 1453 1120 Baeiium
1470 1061 1597 1122 Bernar-

104 1147 332 1226 lisscndunus,
353 1148 494 1229 angius,
515 1149 589 1212 Ord.
605 1152 710 1215 blinor.
728 1149 824 1210 Theo-
879 1147 938 1210 dus
958 1149 1095 1211 moneta:
1128 1163 1197 1224 pars
1226 1149 1308 1209 enim
1335 1139 1483 1227 posterior
1508 1152 1598 1230 proii-

100 1243 189 1322 logus
209 1243 308 1304 0444.
328 1242 494 1306 deiunctae
510 1242 569 1305 An.
587 1243 676 1306 4395.
694 1243 824 1322 Scripsit
862 1243 1006 1319 ¹xicrque
1023 1241 1136 1318 operis,
1153 1239 1257 1300 ordine
1274 1240 1461 1319 alphabetico
1480 1241 1596 1322 digesta

102 1331 210 1396 conirc
231 1333 446 1416 consessionem
478 1333 590 1416 stisfi
602 1379 608 1408 ,
629 1340 748 1398 scobrm
764 1351 823 1416 pro
878 1349 988 1395 vocum
1002 1333 1133 1411 origines
1146 1339 1179 1394 et
1195 1331 1439 1414 orthographiam
1455 1336 1595 1413 explicat,

101 1426 317 1490 sacharorbe
336 1424 505 1509 defensione
525 1436 558 1490 et
574 1445 634 1507 pro
652 1427 823 1509 Confessio·
877 1426 967 1487 sicuti
987 1427 1067 1504 prior
1086 1441 1123 1486 ac
1144 1426 1265 1486 brevior
1285 1427 1421 1506 disputat
1437 1427 1475 1488 de
1493 1429 1593 1490 litera·

101 1533 140 1576 ns
155 1514 351 1590 ourr'cuicsi,
365 1515 402 1578 de
417 1516 643 1591 Secromcnhs,
658 1518 824 1578 certamino
877 1535 946 1582 rum
967 1519 1152 1592 inventione,
1171 1535 1313 1596 numero,
1332 1519 1446 1599 ligura,
1464 1537 1596 1599 pronun·

102 1607 295 1670 scholastica.
311 1609 387 1670 Vide
404 1610 528 1672 Baleum
545 1611 606 1672 Vll.
624 1610 671 1672 43.
688 1612 823 1672 Pitscum
864 1613 1003 1678 ,elatione
1024 1616 1055 1670 et
1076 1613 1302 1690 compositione.
1325 1612 1391 1674 Vita
1404 1615 1435 1676 S.
1456 1613 1592 1675 Athona·

102 1717 132 1780 p.
154 1701 223 1762 566.
239 1701 481 1764 Bucciumadd.
494 1703 574 1764 4445
596 1719 627 1764 c.
638 1700 686 1764 58.
705 1719 734 1782 p.
752 1702 820 1763 489.
879 1703 922 1766 sii
940 1703 1075 1782 praelixa
1095 1703 1206 1781 legitur
1224 1706 1380 1785 opusculis
1413 1705 1595 1770 4444444444·

148 1792 322 1856 4044444Εὸ
346 1793 542 1870 7444444444,
563 1794 695 1856 Lelaudo
714 1810 740 1856 c.
756 1794 825 1856 398.
878 1799 928 1858 444
941 1796 1031 1858 editis
1053 1798 1144 1857 Paris.
1168 1797 1255 1858 4529.
1276 1797 1355 1876 apud
1377 1801 1423 1860 Jo.
1445 1801 1594 1862 Parvum:

107 1885 323 1965 Titeimcuius,
344 1896 436 1966 supra
456 1905 486 1966 p.
508 1889 576 1949 434.
598 1886 814 1966 Tacespbalue.
877 1896 910 1952 et
930 1891 960 1949 in
981 1890 1055 1950 vitis
1075 1889 1255 1952 Sanctorum
1281 1889 1396 1969 hloysii
1420 1893 1595 1970 Lipcmaoni

143 1979 315 2045 JOANNES
335 1981 477 2060 Tempscn
491 1983 557 2042 sive
576 1980 736 2044 ramanus
749 2025 756 2055 ,
771 1982 826 2042 Le-
878 1987 952 2042 tom.
974 1981 1019 2056 444,
1041 1987 1134 2059 atque
1155 1982 1185 2040 in
1207 1981 1373 2061 hagiologio
1393 1982 1512 2061 Georgii
1533 1985 1597 2046 Wi-

104 2074 198 2136 lando
223 2070 440 2140 Themessonus
470 2072 550 2134 idem
583 2090 674 2151 quem
702 2091 741 2134 ex
761 2074 825 2133 Tri·
875 2072 964 2146 celii,
984 2074 1116 2152 llogunt.
1150 2073 1241 2140 4544.
1272 2073 1323 2134 444.
1357 2074 1453 2135 Vitam
1474 2071 1600 2136 Zenobii

103 2166 222 2228 themio
240 2182 338 2245 supra
356 2183 423 2246 pag.
441 2166 509 2228 349.
524 2167 669 2228 loannem
686 2165 827 2246 eampse
876 2166 1016 2244 Episcopi
1031 2164 1193 2225 Florentiui
1208 2166 1352 2244 scriptam
1363 2168 1442 2228 circa
1452 2167 1487 2230 Α.
1507 2169 1597 2230 4438.

102 2275 177 2320 mam
203 2259 372 2336 appellavi,
391 2259 528 2339 Anglus,
549 2260 711 2322 Carmelita
742 2261 822 2320 circa
877 2256 971 2317 edidit
1003 2257 1112 2318 Surius
1132 2256 1181 2317 25.
1203 2258 1291 2334 blaji,
1313 2259 1344 2318 ia
1365 2257 1450 2320 Actis
1472 2261 1596 2322 Sancto

102 2351 160 2414 444.
183 2351 271 2414 4349.
305 2353 429 2430 scripsit
462 2359 584 2430 praeter
604 2353 767 2414 Sermones
786 2350 824 2412 ed
880 2365 947 2412 rum
965 2348 1014 2410 illa
1034 2351 1148 2410 omissa
1168 2355 1236 2424 est,
1257 2366 1336 2428 quae
1358 2367 1385 2413 44
1405 2351 1504 2430 piacet
1525 2348 1596 2410 vide

104 2445 250 2516 illerum,
271 2443 309 2506 da
330 2451 487 2524 tempore,
507 2445 545 2506 de
563 2447 683 2508 Sanctis
699 2449 731 2506 et
746 2445 825 2518 Qua·
879 2449 951 2504 tom.
969 2442 1017 2502 vt.
1039 2442 1107 2518 ldaji
1127 2457 1197 2521 pag.
1213 2441 1261 2504 67.
1283 2443 1388 2504 versio
1405 2441 1598 2522 Appiani-lli-

104 2536 326 2616 dragesimale,
348 2543 428 2600 testa
449 2537 580 2600 Lelaudc
600 2553 664 2616 cap.
681 2539 750 2600 465.
765 2538 826 2598 444
880 2536 981 2596 storici
1003 2550 1094 2612 quam
1117 2533 1242 2596 laudant
1261 2538 1474 2613 bergomensis
1492 2538 1520 2596 in
1539 2535 1599 2598 Cb·
1679 2605 1684 2618 ,

104 2627 188 2690 44444
203 2631 235 2690 S.
250 2628 445 2710 scorpiorum,
463 2631 706 2693 Commentarios
722 2629 754 2690 in
769 2629 827 2692 lic
881 2627 996 2688 remed
1018 2627 1076 2687 An.
1098 2627 1186 2688 4449.
1209 2629 1396 2690 Trithemius
1416 2645 1442 2689 c.
1465 2627 1533 2690 754.
1565 2635 1598 2689 44

105 2720 308 2784 chalasticum
328 2728 361 2783 st
382 2722 414 2782 in
427 2722 625 2802 Eoonpelimm
639 2721 774 2783 14444444.
790 2722 826 2781 lc
880 2721 925 2780 io.
945 2717 1116 2781 Matthaeus
1138 2720 1295 2780 l'oscanus
1317 2723 1347 2780 in
1375 2722 1462 2798 peplo
1495 2721 1596 2782 ltaliae

106 2817 156 2876 44.
179 2811 273 2885 libros
300 2815 532 2877 Sententiarum.
563 2816 600 2877 44
631 2813 824 2896 upmobpms
880 2812 929 2872 lib.
952 2815 980 2874 4.
1001 2828 1066 2890 cap.
1087 2812 1135 2874 42.
1156 2812 1255 2873 lucem
1274 2829 1432 2891 nunquam
1454 2813 1538 2888 vidit,
1554 2815 1597 2875 oti

105 2905 260 2986 Fulqcrrtii
277 2910 336 2985 (44
356 2907 473 2968 444444
493 2906 665 2970 [4444444444
696 2907 735 2968 de
765 2923 824 2985 quc
879 2920 935 2964 nec
956 2901 1032 2964 liber
1048 2902 1084 2964 de
1100 2901 1254 2965 Medicina
1268 2910 1298 2964 et
1310 2904 1434 2968 Medicis
1448 2905 1484 2966 ad
1502 2904 1598 2966 Simo·

106 3017 199 3080 supra
219 3017 247 3080 p.
270 2991 361 3077 499.)
382 3003 436 3062 llis
455 3001 565 3062 baleus
586 3001 634 3061 Vl.
652 3000 702 3060 66.
718 2997 825 3076 adjuc·
880 3013 948 3056 nem
970 2998 1138 3058 Romanum
1152 2995 1315 3074 Medicum,
1330 2997 1369 3058 de
1385 3016 1446 3077 quo
1462 2999 1596 3060 Diarium

104 3095 166 3172 git:
187 3095 236 3154 Ex
256 3093 320 3155 liic.
352 3093 496 3156 Trivetbo
515 3092 554 3154 de
576 3092 822 3167 neustormaus,
877 3087 1066 3150 erudit-orum
1088 3088 1191 3150 ltaliae
1212 3095 1285 3150 tom.
1307 3091 1349 3151 xl
1371 3107 1438 3169 pag.
1461 3090 1530 3152 842.
1546 3107 1598 3152 ne

105 3189 171 3248 eiua
193 3186 226 3248 in
245 3183 528 3268 conformationes
545 3183 653 3246 Ocriiii.
670 3185 714 3244 Be
728 3182 823 3246 miro-
877 3198 937 3259 que
971 3178 1124 3260 Epistulae
1155 3189 1339 3244 memoratae
1359 3181 1459 3244 eidem
1481 3181 1599 3246 Trithe-

101 3275 220 3341 44444444
238 3278 352 3342 Mundi
384 3275 632 3340 Abbrsoiotionss
651 3278 823 3338 4444444444.
877 3275 961 3348 mio,
982 3290 1038 3334 oec
1059 3271 1236 3336 Dsbiectico.

104 3373 221 3436 Eadem
243 3374 363 3434 Pitseus
383 3389 451 3452 pag.
473 3373 541 3434 526.
914 3365 985 3427 ΙΙ’44
1006 3367 1065 3428 448.
1087 3366 1158 3430 ch.
1180 3369 1392 3430 ¹Laurentiano
1424 3386 1454 3428 n.
1484 3369 1594 3430 xxvi.

143 3465 315 3528 JOANNES
338 3465 440 3544 Tospe,
458 3462 676 3543 supraplitl.
697 3460 819 3543 Thorps.
874 3477 923 3538 ap.
942 3460 1132 3522 blootiaucou
1164 3460 1347 3522 Bibliotheca
1368 3462 1449 3524 tiss.
1472 3479 1503 3540 p.
1522 3463 1593 3526 282.

143 3555 316 3618 4044444445
350 3554 506 3618 7444444444
538 3556 703 3644 Ἰ44444444,
724 3555 822 3616 Garoii
874 3560 960 3614 extat
979 3555 1026 3614 ic.
1046 3551 1256 3630 chrysostomi
1277 3551 1398 3614 bomilia
1417 3556 1446 3614 in
1464 3556 1512 3614 44.
1544 3553 1600 3615 lli·

102 3650 221 3713 Aretini
242 3648 299 3726 (de
319 3666 380 3727 quc
401 3664 492 3727 supra
514 3650 618 3708 tom..t
645 3663 711 3726 pag.
733 3635 821 3722 344.)
875 3663 977 3708 serere
997 3645 1058 3706 mei
1085 3646 1165 3706 Deos
1186 3647 1351 3724 interprete
1375 3650 1420 3706 Jc.
1453 3647 1592 3708 Tortellic

104 3761 166 3805 non
183 3743 274 3804 irater
292 3744 320 3819 4)
336 3741 389 3804 sed
407 3747 639 3816 conterraneus,
654 3741 822 3803 litterarum
875 3739 1000 3800 hretinc
1020 3737 1059 3800 ad
1081 3739 1286 3800 excellentiss.
1319 3739 1421 3800 virum
1451 3738 1596 3801 Cosmum

103 3837 288 3899 Graecarum
300 3833 553 3898 addisceodarum
564 3849 658 3896 causa
668 3834 823 3911 proiectus
878 3829 1033 3892 lledicem.
1055 3830 1115 3892 hu.
1135 3831 1202 3893 libri
1228 3830 1267 3892 de
1297 3830 1514 3909 Ortbographia
1538 3830 1601 3892 edi·

104 3931 135 3989 in
156 3925 336 4001 Graeciam,
359 3926 430 3988 binc
449 3925 704 4004 hrcbipresbyter
727 3923 826 3986 hreti—
877 3925 919 3984 tio
940 3925 1020 4002 prior
1052 3924 1163 3984 4444444
1194 3939 1244 3984 44.
1267 3909 1340 3984 4474
1366 3921 1512 3982 adornata
1532 3923 1593 3994 sit,

108 4037 189 4097 nos,
209 4025 315 4099 postea
345 4033 420 4081 oum
455 4015 513 4078 44.
537 4015 625 4079 tito.
645 4017 770 4077 Romam
792 4033 825 4076 se
879 4017 1003 4094 ignoro;
1024 4014 1097 4074 mihi
1119 4031 1192 4076 sane
1214 4015 1286 4074 olim
1307 4012 1395 4072 obvia
1418 4012 1475 4072 luit
1491 4011 1601 4072 Caese-

105 4113 306 4188 oootulisset,
328 4113 357 4172 in
379 4111 449 4174 4444
469 4110 596 4189 Eugenii
615 4109 663 4170 tv.
681 4109 825 4188 primum,
881 4124 937 4168 nae
950 4107 979 4166 44
992 4104 1176 4168 Bibliotheca
1189 4104 1416 4166 ldalateetarum
1431 4102 1523 4164 editio
1534 4104 1600 4164 eius

105 4205 218 4272 deindo
238 4204 318 4285 apud
340 4205 494 4267 Nicolaum
510 4204 545 4265 v.
560 4203 730 4282 gratiosus,
745 4201 826 4264 diem
881 4202 981 4280 operis
1002 4201 1117 4261 Veneta
1148 4201 1176 4258 in
1213 4197 1388 4258 membrana
1408 4212 1522 4258 excusa
1550 4211 1599 4258 an.

106 4300 181 4362 obiit
202 4299 291 4360 bunc
306 4299 393 4360 4466.
412 4298 485 4362 lluic
503 4297 645 4360 Tortellio
661 4313 716 4358 sex
736 4294 828 4356 hbros
880 4293 945 4356 cod.
969 4293 1058 4356 4474.
1079 4307 1134 4368 per
1154 4291 1215 4352 Nic.
1236 4291 1359 4350 444444.

107 4393 329 4474 elegantiarum
349 4398 381 4454 et
401 4392 512 4454 librum
532 4390 571 4452 dc
592 4389 828 4468 reciprocatione
919 4384 1090 4448 thNNES
1110 4383 1235 4448 Treoiso
1254 4381 1470 4444 cornubiensis
1485 4379 1601 4459 hagios

881 4485 961 4542 circa
981 4479 1016 4541 Α.
1040 4477 1128 4540 4342.
1147 4475 1294 4539 Sacerdos
1310 4475 1499 4548 siricarius,
1520 4474 1601 4553 apud

883 4574 1044 4634 Dominum
1062 4587 1152 4632 suum
1168 4569 1314 4630 Thomam
1325 4567 1362 4630 de
1375 4565 1520 4644 Barkeley
1535 4583 1603 4648 gra·

106 4626 830 4767 ὦᾞΙῗέξῃὲηξὲὶΐὶῗᾝξῆἭᾞᾙ,
884 4665 983 4724 444444
1002 4664 1081 4722 circa
1113 4660 1172 4723 An.
1204 4662 1292 4723 4399.
1324 4661 1427 4721 nescio
1447 4676 1485 4720 an
1507 4661 1602 4724 multa

104 4791 176 4830 44444
192 4785 302 4832 nemun
891 4755 994 4815 Latine
1015 4754 1188 4832 scripserit,
1205 4759 1290 4836 certe
1300 4752 1417 4832 eliqua,
1433 4752 1521 4830 longe
1537 4753 1603 4831 plu-
