3608 5604
720 96 994 161 44444444
1539 61 1599 158 sss

112 221 181 286 pag.
205 203 271 266 toa.
293 219 357 282 seq.
379 204 421 266 lle
443 203 578 284 4444444444
599 205 736 268 0444444444
753 205 828 268 alts-
916 195 1630 288 lvopmeposltusregiustuudnoenrr‘rquem'

110 301 176 361 rius
192 295 331 376 majoris,
347 296 435 378 ouius
451 303 567 377 perlem
584 296 704 360 edidere
721 297 828 360 Frehs·
880 299 982 362 laudat
1003 299 1100 360 ledo
1120 299 1341 378 llovigentinus
1361 295 1410 358 lib.
1431 295 1459 360 3.
1477 295 1514 358 da
1536 299 1600 360 vita

109 407 186 467 rus,
214 391 391 454 lambecius
409 397 442 451 et
460 389 599 454 Andreas
618 389 660 454 du
687 389 825 465 04444444,
879 407 936 454 444
952 408 1018 471 pag.
1041 391 1110 453 800.

109 485 227 546 dietum
241 499 331 562 supra
345 486 375 544 in
390 483 542 546 liUGONli
557 484 735 548 Floriacensi
753 491 825 546 444444.
919 483 985 546 lvo
998 485 1158 563 presbyter
1179 481 1384 546 Trecorrensic
1398 485 1428 542 in
1445 485 1596 548 Britannia

109 580 139 640 3.
157 593 225 656 pag.
242 576 302 650 378
322 576 399 640 adde
420 577 558 640 vossium
577 595 644 658 pag.
660 579 728 640 364.
880 577 1050 640 Aremorica
1076 579 1155 638 circa
1180 593 1219 640 444
1259 577 1347 638 4303.
1373 577 1411 638 de
1445 595 1505 656 quo
1525 578 1599 642 Acta

150 673 186 732 ln
198 670 345 750 Operibus
359 671 461 732 lvonis
474 687 533 732 non
548 674 739 750 reperiuntur
748 679 826 752 quas
878 672 1057 734 8444444444
1075 677 1149 730 tom.
1166 671 1194 732 l.
1210 671 1276 748 liajt
1294 671 1342 731 49.
1359 685 1425 751 pag.
1446 659 1515 732 537.
1532 671 1600 749 44444

106 764 240 826 Jacobus
256 765 371 826 Potitus
387 765 417 824 in
435 764 588 826 veteribus
606 768 823 841 monumentis,
889 765 1107 826 Testamentum
1128 770 1201 824 tom.
1222 763 1250 824 7.
1271 763 1337 841 44444
1358 781 1424 843 pag.
1446 765 1513 828 847.

107 857 255 919 Theodori
269 857 475 935 poenitentiali
489 855 825 935 subjunctionum
918 857 982 920 lVO
1003 859 1102 932 Brito,
1123 857 1376 938 archipresbyter
1396 859 1600 934 Turonensis,

107 949 139 1010 444
163 948 355 1029 praepositos
375 954 534 1011 4444444444
554 967 619 1030 pag.
642 953 710 1014 444.
730 959 762 1012 44
787 950 824 1011 da
877 953 1026 1029 Episcopo
1046 948 1084 1012 de
1106 950 1205 1032 trigel
1226 949 1282 1021 to.
1301 949 1388 1014 44744.
1407 953 1555 1014 successit
1572 953 1601 1012 iu

99 1039 231 1124 44440444
242 1041 395 1104 4444444444
407 1041 557 1106 4444444444
567 1059 596 1122 p.
608 1043 676 1106 453.
688 1060 743 1106 444
753 1043 824 1124 Epi-
877 1045 1059 1122 Episcopatu
1084 1042 1256 1106 Turonensi.
1277 1042 1351 1106 Vide
1372 1043 1536 1106 liebertum
1564 1043 1602 1106 de

105 1135 185 1201 44444
205 1134 249 1198 nd
268 1135 445 1198 8444444444
465 1137 609 1200 4444444444
636 1137 823 1202 444444444Ιί4
876 1137 975 1198 Monte
996 1135 1034 1198 ud
1056 1136 1140 1198 illum
1163 1137 1297 1200 Annum.

105 1235 135 1292 44
147 1228 192 1292 od
205 1227 383 1292 Guilelmurn
395 1229 579 1310 4444444444.
590 1229 822 1308 Rothnnrageus.
914 1229 1314 1294 lllllENliliSlSllnnachus
1325 1229 1360 1292 de
1377 1231 1442 1292 Vitu
1451 1231 1482 1292 S.
1494 1231 1602 1294 Wron-

104 1341 184 1404 quae
197 1323 279 1404 apud
293 1325 472 1386 neoterium
489 1324 527 1386 ad
540 1323 719 1386 Gribertum
733 1325 823 1386 Novi-
875 1321 995 1403 44944444
1006 1323 1133 1386 Abbatis
1150 1323 1184 1386 ll.
1203 1325 1238 1386 C.
1256 1322 1324 1382 667.
1345 1323 1480 1390 defuncti
1502 1322 1602 1386 editus

104 1419 223 1498 gastim
243 1434 310 1498 pag.
331 1419 400 1478 664.
419 1425 452 1480 et
471 1419 540 1480 683.
561 1444 566 1462 ¹
875 1431 893 1478 4
916 1416 1033 1478 labbeo
1055 1423 1127 1478 tom.
1147 1418 1159 1478 4
1182 1416 1256 1478 444441.
1273 1433 1368 1478 norae
1390 1417 1472 1480 4488.
1489 1433 1517 1495 p.
1532 1413 1601 1486 784,

144 1510 405 1574 communic
430 1510 462 1570 444
481 1507 617 1574 Prolatos
637 1509 711 1574 cod.
733 1509 820 1574 4478.
875 1508 1043 1570 liabillonio
1066 1511 1169 1572 84442
1186 1510 1371 1576 0444444444.
1388 1527 1456 1590 pag.
1480 1511 1548 1574 468.
1570 1517 1602 1572 44

107 1604 183 1666 444444.
209 1603 400 1666 colbertinae
423 1604 483 1668 448
511 1609 658 1670 memorat
683 1601 822 1666 oudinus
876 1602 907 1660 in
928 1601 1013 1664 Actis
1035 1601 1170 1666 8444444.
1192 1605 1242 1666 40.
1260 1604 1320 1666 lul.
1341 1611 1413 1666 4444.
1436 1607 1459 1666 V
1482 1623 1510 1684 p.
1531 1605 1599 1668 tto.

104 1705 177 1760 44444.
200 1697 233 1760 8.
253 1713 320 1776 pag.
343 1694 410 1758 sta.
709 1749 713 1760 ,
916 1695 947 1757 8.
961 1695 1143 1758 iustiliae
1161 1695 1318 1760 Peduanae
1332 1698 1510 1770 Monachus,
1528 1699 1601 1761 sori-

142 1781 489 1865 04444444444444444444,
503 1789 564 1853 oiri
576 1787 824 1871 4444444404-
878 1795 1073 1866 plumarum
1104 1787 1162 1852 4440
1196 1789 1297 1852 044444
1327 1791 1377 1852 IV.
1398 1797 1427 1852 et
1446 1789 1601 1854 Friderioo

104 1884 186 1962 44444,
214 1882 335 1946 minine
355 1881 504 1958 0444444444,
525 1884 586 1946 448.
606 1883 729 1946 Sandan.
757 1899 823 1962 pag.
879 1883 919 1942 ll.
945 1882 977 1942 444
993 1881 1200 1963 4449404444
1222 1890 1250 1946 44
1269 1882 1371 1946 uicino
1392 1884 1534 1949 Marullo
1552 1901 1603 1964 pa·

107 1973 155 2040 33.
179 1977 255 2039 444444.
277 1977 349 2054 ltelg
877 1976 1053 2038 4444444444
1074 1977 1120 2038 An
1154 1977 1601 2056 monumentorum.

143 2072 297 2134 Esuriens
315 2069 503 2134 Wartloouns
522 2071 656 2136 44444444
675 2069 712 2132 ad
735 2070 825 2134 tissa
877 2069 961 2132 libris
993 2071 1042 2132 444.
1064 2069 1156 2132 editis
1176 2072 1233 2132 444.
1256 2073 1344 2135 4684.
1365 2073 1403 2134 ab
1426 2074 1553 2136 Urstislo
1577 2079 1599 2132 t.

105 2166 184 2227 rium
213 2163 253 2224 de
282 2163 446 2244 scripturis
473 2166 628 2242 sacrisque
657 2163 824 2231 vernaculis
879 2166 891 2224 4
919 2181 947 2242 p.
969 2161 1113 2224 077606.
1134 2163 1248 2226 Deinde
1269 2181 1307 2226 44
1328 2164 1532 2228 emendatiore
1549 2167 1603 2228 Fe-

105 2275 174 2339 pog.
191 2257 264 2322 360.
284 2257 387 2318 hadal
408 2257 512 2318 lvonis
523 2257 639 2320 librum
655 2255 824 2321 deofficiis
853 2259 856 2264 '
878 2255 943 2320 licis
964 2257 1027 2320 Osii
1046 2256 1177 2320 editione
1197 2259 1311 2320 Veneta
1331 2258 1366 2322 Α.
1390 2260 1480 2324 4636.
1500 2260 1548 2320 444.
1570 2265 1601 2320 44

105 2351 330 2414 Ecclesiastiois
345 2350 462 2412 llStum
478 2351 508 2410 in
522 2350 597 2412 444444.
612 2351 824 2414 Lambetlrsna.
880 2369 919 2416 cx
949 2352 1010 2414 llS.
1037 2351 1119 2414 04444.
1147 2350 1387 2428 imbrosianae,
1410 2355 1440 2414 in
1462 2353 1604 2416 thesauro

107 2443 167 2506 Sed
194 2457 263 2522 pue
284 2443 354 2506 335.
373 2442 411 2506 40
432 2441 563 2506 eundem
584 2443 693 2506 librum
720 2457 827 2522 provo-
881 2447 1060 2525 soriptorum
1091 2446 1193 2508 ltaliae
1213 2447 1412 2509 lluratoriano
1433 2455 1505 2510 tom.
1526 2447 1603 2510 Vlll.

107 2553 183 2600 cans
198 2579 206 2601 .
223 2553 268 2598 444
288 2535 395 2599 Codrus
416 2536 473 2598 islo
494 2539 556 2600 448.
574 2539 690 2616 inquit,
705 2539 826 2600 4444444444
880 2554 946 2618 pag.
969 2540 1036 2600 064.
1059 2545 1090 2600 44
1110 2541 1335 2602 Burmannlano
1355 2547 1430 2602 torn.
1450 2541 1498 2604 444.

110 2629 337 2695 4440804064.
348 2635 502 2692 nucinam
521 2646 585 2692 4444
602 2630 697 2710 (qnod
709 2630 827 2711 quidm
922 2631 1080 2694 6444444444
1093 2631 1348 2696 lUSTlNGEllUS
1363 2634 1517 2696 lielvetius
1532 2637 1606 2696 sori·

109 2722 254 2786 4444444444
271 2722 415 2786 4444444444
436 2722 542 2802 latuit)
563 2723 749 2806 4444444444.
772 2725 828 2786 Co·
882 2733 949 2805 ptor
967 2725 1105 2788 Cironici
1118 2728 1183 2786 sive
1198 2725 1351 2788 Historiae
1363 2725 1525 2790 4444444444
1537 2728 1603 2806 ius·
1725 2721 1727 2726 ’

110 2815 174 2878 dem
200 2815 279 2878 44444
305 2817 368 2897 ipse
382 2815 565 2896 4444444444
585 2817 741 2880 4444444444
766 2822 828 2890 est,
883 2835 921 2881 su
940 2819 1071 2884 84444444
1091 2820 1178 2898 patrii
1199 2821 1382 2898 compositae
1406 2825 1438 2880 et
1457 2819 1604 2884 deductae

107 2909 199 2972 loona
217 2908 303 2972 laud
321 2907 415 2972 44444444
438 2907 583 2992 inferior:
606 2908 740 2990 adeoquo
756 2907 831 2970 4444444
884 2928 981 2991 usque
1002 2912 1039 2974 ad
1060 2913 1118 2974 44.
1137 2912 1225 2974 titt.
1245 2913 1328 2974 lllam
1345 2911 1443 2976 adlruu
1460 2912 1604 2976 ineditam

107 3019 167 3064 44444
184 3001 259 3082 fidoi
274 3008 420 3066 4444444444.
440 3004 476 3092 144
495 3002 595 3084 fronte
613 3009 714 3066 nutem
731 3003 830 3066 4444444-
884 3013 989 3068 serm
1006 3007 1120 3070 lislam
1143 3005 1323 3068 Bibliotheca
1354 3006 1504 3070 lenensis
1531 3007 1605 3070 Vide

107 3093 191 3156 444444·
206 3095 325 3158 tilulum
337 3094 486 3177 praesul,
499 3098 585 3163 Liber
597 3100 708 3173 444444,
721 3093 832 3160 444444-
888 3099 1042 3162 oudinum
1064 3107 1137 3162 tom.
1160 3101 1178 3164 3
1201 3117 1268 3180 pag.
1288 3101 1377 3163 4337.

111 3189 210 3248 4444444
236 3191 394 3267 Fpisoopi,
423 3189 461 3250 de
480 3189 832 3252 Ecclesiastioisollluiis
927 3191 1172 3256 instititutis
1202 3195 1367 3272 imperator
1398 3195 1436 3257 ab
1456 3195 1513 3260 An
1535 3195 1603 3258 out.

110 3279 540 3361 cnuutcaptxxlsclts
550 3283 834 3364 oolopriorolpuoe
886 3285 924 3348 ad
944 3287 1015 3350 666.
1035 3285 1212 3367 imperialia
1231 3291 1347 3349 44444444
1365 3289 1458 3352 Sacra
1479 3297 1510 3350 et
1526 3290 1606 3352 Giri-

112 3373 156 3432 lte
177 3371 340 3434 Nocturnis
360 3373 495 3452 Vigiliis,
515 3375 558 3436 04
579 3377 736 3436 matutinis
756 3377 832 3436 Lau-
887 3381 925 3444 lia
956 3381 1115 3444 innumera
1143 3379 1257 3442 Graece
1288 3382 1508 3461 promulgavit,
1542 3397 1600 3444 nou

112 3461 224 3526 dibus.
245 3465 288 3528 lle
309 3465 427 3540 Prima,
447 3467 490 3528 lle
511 3467 631 3542 Tertia,
652 3467 690 3530 de
719 3468 831 3544 Sexta,
887 3491 982 3553 pauca
1016 3475 1282 3553 huncquoque,
1311 3475 1457 3553 quaedem
1490 3478 1605 3556 Lingua

110 3557 155 3618 04
181 3557 286 3632 Nona,
306 3559 350 3620 De
371 3559 546 3638 Vespertina
568 3562 704 3639 synaxi,
731 3569 763 3622 et
789 3563 834 3624 04
888 3574 1027 3646 utraque.
1059 3567 1166 3630 Eidem
1190 3567 1310 3650 Corpus
1329 3567 1415 3631 ,444444
1435 3569 1541 3634 Ciuilis
1569 3588 1605 3634 ac

110 3647 332 3728 (locupleteris,
347 3649 736 3729 murmuriosum,
752 3651 832 3734 qnod
886 3663 1042 3742 speciatim
1059 3659 1196 3725 Codicum
1209 3661 1445 3740 44444444444444,
1460 3663 1605 3726 dommus

111 3742 173 3805 4444
185 3789 192 3822 ,
203 3743 392 3824 proderunt.
409 3745 570 3826 8444444444
586 3745 728 3827 4344ρὶ444444
744 3747 832 3808 44441.
886 3762 919 3814 44
938 3751 1079 3818 4444444444
1095 3754 1356 3834 constitutiones,
1369 3775 1498 3836 quarum
1515 3756 1605 3838 spito·

113 3833 510 3915 Hierolopumaonrlituuut
524 3836 664 3900 0444444444
679 3838 783 3918 (quod
795 3839 831 3900 444
887 3863 964 3908 mem
984 3849 1076 3908 etiarn
1097 3849 1233 3910 44444444
1253 3855 1390 3910 veterem
1411 3850 1540 3929 legimus
1557 3849 1604 3927 (de

110 3927 706 4012 uurmrcmnurunqoaeiurportiim
718 3929 828 3992 Attllo·
886 3955 946 4016 qua
967 3955 1059 4016 supra
1090 3940 1119 4000 in
1144 3937 1304 4002 40444440
1325 3941 1546 4017 trunsum)
1572 3951 1604 4004 et

112 4019 199 4084 444444
217 4019 302 4101 ogit)
324 4019 484 4099 llicrdopo
502 4019 592 4082 dent
782 4097 784 4104 ,
880 4021 1054 4093 'ontionem
1085 4031 1287 4094 444444444444
1307 4039 1407 4098 aetate
1434 4036 1551 4114 liutgeri
1573 4041 1605 4096 et

153 4115 223 4192 4473
243 4112 353 4178 coust
366 4115 482 4191 (Pielrol
502 4112 567 4175 l'ilu
577 4112 611 4176 rli
619 4116 649 4178 8.
663 4115 722 4178 loo.
739 4117 831 4183 440444
887 4123 1114 4202 Burgundionis
1128 4125 1225 4186 Pisani
1241 4125 1329 4205 longe
1339 4127 1548 4204 antiquiorem.
1559 4127 1603 4188 04

113 4207 200 4272 4640.
217 4210 264 4283 4.)
888 4215 938 4276 his
958 4216 1100 4292 omnibus
1120 4223 1182 4278 tani
1205 4217 1298 4280 multa
1319 4217 1470 4297 disputata
1492 4227 1603 4283 sunta

109 4309 115 4329 ⁸
150 4302 215 4364 lvo
243 4303 413 4380 antiquior,
440 4300 530 4381 cujus
558 4305 695 4366 meminit
726 4306 829 4383 Lupus
887 4312 962 4371 viris
981 4309 1084 4371 doctis
1114 4311 1166 4387 qui
1189 4312 1346 4371 Historiam
1368 4313 1451 4374 turis
1478 4312 1603 4376 llomani

117 4395 316 4456 Ferrariensis
336 4395 432 4474 Epist.
454 4397 512 4458 440
887 4404 1055 4483 scripsere:
1078 4401 1116 4466 de
1136 4405 1306 4472 lustiniono
1336 4407 1427 4466 etiam
1451 4406 1515 4484 ipso
1544 4413 1604 4468 444-

155 4487 221 4551 4440
239 4485 447 4551 Glunioceasir
462 4486 565 4552 4444444
581 4492 659 4553 cirea
676 4507 723 4552 an.
743 4491 831 4554 4370.
886 4503 1002 4560 etatum
1020 4504 1082 4558 44444
1100 4499 1219 4578 copiose
1241 4498 1269 4556 in
1292 4497 1433 4570 laudern,
1450 4515 1486 4560 ao
1502 4515 1601 4580 secus,

118 4579 831 4664 StatutaGapituligeneralisGluniacensisapud
887 4593 917 4650 in
938 4590 1062 4652 historia
1082 4591 1213 4668 Procopii
1234 4597 1265 4650 et
1286 4591 1323 4652 ab
1343 4589 1410 4670 ejus
1431 4591 1602 4674 interpreti·
1689 4637 1693 4644 ·

119 4673 274 4736 Baluzium
291 4679 363 4736 tom.
383 4675 429 4736 Vl.
447 4675 527 4738 llisc.
542 4691 612 4758 pag.
631 4677 700 4740 604.
717 4685 748 4739 et
765 4679 833 4740 Sta-
887 4683 945 4746 bus
965 4691 996 4744 ct
1018 4685 1047 4743 in
1069 4683 1229 4746 Annalium
1263 4685 1477 4764 scriptoribus:
1500 4688 1602 4748 noris

119 4772 182 4828 tuta
198 4770 226 4828 in
245 4767 351 4848 Anglia
367 4766 446 4830 edita
464 4769 542 4848 apud
560 4771 832 4851 Bormondeseyem
888 4779 964 4838 sime
985 4779 1075 4840 etiam
1098 4777 1127 4838 in
1151 4777 1275 4840 illustris
1294 4775 1418 4840 loannis
1439 4779 1518 4842 Petri
1539 4779 1597 4842 Lu·

120 4858 148 4918 in
170 4861 307 4941 capitulo
328 4864 514 4926 Prouinciali.
536 4865 574 4926 id.
596 4868 662 4948 pag.
684 4866 752 4929 llll.
888 4872 988 4952 dewig
1020 4873 1082 4932 vita
1111 4873 1292 4949 iustiniani,
1327 4872 1469 4952 singulari
1508 4877 1599 4950 atquo
