<?xml version="1.0" encoding="UTF-8"?>
<!DOCTYPE html PUBLIC "-//W3C//DTD XHTML 1.0 Transitional//EN"
    "http://www.w3.org/TR/xhtml1/DTD/xhtml1-transitional.dtd">
<html xmlns="http://www.w3.org/1999/xhtml" xml:lang="en" lang="en">
 <head>
  <title>
</title>
<meta http-equiv="Content-Type" content="text/html;charset=utf-8" />
  <meta name='ocr-system' content='tesseract 3.04.00' />
  <meta name='ocr-capabilities' content='ocr_page ocr_carea ocr_par ocr_line ocrx_word'/>
</head>
<body>
  <div class='ocr_page' id='page_1' title='image "./bibliothecalati00schgoog/bibliothecalati00schgoog_0562.png"; bbox 0 0 3608 5604; ppageno 0'>
   <div class='ocr_carea' id='block_1_1' title="bbox 12 185 46 230">
    <p class='ocr_par' dir='ltr' id='par_1_1' title="bbox 12 185 46 230">
     <span class='ocr_line' id='line_1_1' title="bbox 12 185 46 230; baseline 0 -13"><span class='ocrx_word' id='word_1_1' title='bbox 12 185 46 230; x_wconf 62' lang='grc'><strong>46766</strong></span> 
     </span>
    </p>
   </div>
   <div class='ocr_carea' id='block_1_2' title="bbox 791 177 1620 246">
    <p class='ocr_par' dir='ltr' id='par_1_2' title="bbox 791 177 1620 246">
     <span class='ocr_line' id='line_1_2' title="bbox 791 177 1620 246; baseline 0.005 -6"><span class='ocrx_word' id='word_1_2' title='bbox 791 177 964 240; x_wconf 77' lang='lat' dir='ltr'>Lullia</span> <span class='ocrx_word' id='word_1_3' title='bbox 1560 184 1620 246; x_wconf 77' lang='lat'><strong>577</strong></span> 
     </span>
    </p>
   </div>
   <div class='ocr_carea' id='block_1_3' title="bbox 12 263 1621 494">
    <p class='ocr_par' dir='ltr' id='par_1_3' title="bbox 12 263 1621 465">
     <span class='ocr_line' id='line_1_3' title="bbox 12 263 1620 390; baseline 0.001 -39"><span class='ocrx_word' id='word_1_4' title='bbox 12 263 44 390; x_wconf 70' lang='lat'><strong>{¹⁸</strong></span> <span class='ocrx_word' id='word_1_5' title='bbox 127 295 207 353; x_wconf 90' lang='lat' dir='ltr'>mine</span> <span class='ocrx_word' id='word_1_6' title='bbox 235 289 398 356; x_wconf 88' lang='lat' dir='ltr'>abeodem</span> <span class='ocrx_word' id='word_1_7' title='bbox 421 291 586 350; x_wconf 88' lang='lat' dir='ltr'>Busaeom</span> <span class='ocrx_word' id='word_1_8' title='bbox 615 289 846 368; x_wconf 79' lang='lat' dir='ltr'>paralipomenis</span> <span class='ocrx_word' id='word_1_9' title='bbox 900 282 1085 346; x_wconf 83' lang='lat' dir='ltr'>devastantis</span> <span class='ocrx_word' id='word_1_10' title='bbox 1106 285 1232 348; x_wconf 85' lang='lat' dir='ltr'>assidua</span> <span class='ocrx_word' id='word_1_11' title='bbox 1254 288 1388 349; x_wconf 85' lang='lat' dir='ltr'>oratione</span> <span class='ocrx_word' id='word_1_12' title='bbox 1409 289 1558 373; x_wconf 76' lang='lat' dir='ltr'><strong><em>defendit</em></strong></span> <span class='ocrx_word' id='word_1_13' title='bbox 1586 300 1620 353; x_wconf 94' lang='lat' dir='ltr'><strong>ut</strong></span> 
     </span>
     <span class='ocr_line' id='line_1_4' title="bbox 14 379 1621 494; baseline 0.001 -49"><span class='ocrx_word' id='word_1_14' title='bbox 14 381 44 422; x_wconf 58' lang='lat'><strong>&#39;²¹</strong></span> <span class='ocrx_word' id='word_1_15' title='bbox 125 384 343 494; x_wconf 87' lang='lat' dir='ltr'>Opuscolorum</span> <span class='ocrx_word' id='word_1_16' title='bbox 362 384 440 443; x_wconf 87' lang='lat' dir='ltr'>Petri</span> <span class='ocrx_word' id='word_1_17' title='bbox 458 382 649 456; x_wconf 87' lang='lat' dir='ltr'>Blaesensrs</span> <span class='ocrx_word' id='word_1_18' title='bbox 667 384 712 442; x_wconf 93' lang='grc'><strong>46.</strong></span> <span class='ocrx_word' id='word_1_19' title='bbox 730 382 848 442; x_wconf 89' lang='lat' dir='ltr'>Trithe-</span> <span class='ocrx_word' id='word_1_20' title='bbox 902 387 948 438; x_wconf 90' lang='lat' dir='ltr'><strong>est</strong></span> <span class='ocrx_word' id='word_1_21' title='bbox 968 380 996 438; x_wconf 90' lang='lat' dir='ltr'><strong>in</strong></span> <span class='ocrx_word' id='word_1_22' title='bbox 1019 382 1207 459; x_wconf 83' lang='lat' dir='ltr'>ilariyrolog&#39;</span> <span class='ocrx_word' id='word_1_23' title='bbox 1202 400 1226 441; x_wconf 87' lang='grc' dir='ltr'><strong>ιο</strong></span> <span class='ocrx_word' id='word_1_24' title='bbox 1248 385 1330 444; x_wconf 83' lang='lat' dir='ltr'>Eum.</span> <span class='ocrx_word' id='word_1_25' title='bbox 1345 379 1402 446; x_wconf 87' lang='grc'><strong>’.60</strong></span> <span class='ocrx_word' id='word_1_26' title='bbox 1424 386 1503 447; x_wconf 89' lang='grc'><strong>46144.</strong></span> <span class='ocrx_word' id='word_1_27' title='bbox 1525 389 1621 448; x_wconf 83' lang='grc'><strong>44666</strong></span> 
     </span>
    </p>
   </div>
   <div class='ocr_carea' id='block_1_4' title="bbox 12 467 42 614">
    <p class='ocr_par' dir='ltr' id='par_1_4' title="bbox 12 467 42 614">
     <span class='ocr_line' id='line_1_5' title="bbox 12 467 42 518; baseline 0 -19"><span class='ocrx_word' id='word_1_28' title='bbox 12 467 42 518; x_wconf 65' lang='lat' dir='ltr'><strong>i.</strong></span> 
     </span>
     <span class='ocr_line' id='line_1_6' title="bbox 19 552 38 614; baseline 0 0"><span class='ocrx_word' id='word_1_29' title='bbox 19 552 38 614; x_wconf 88' lang='lat' dir='ltr'><strong>ii</strong></span> 
     </span>
    </p>
   </div>
   <div class='ocr_carea' id='block_1_5' title="bbox 121 463 1621 650">
    <p class='ocr_par' dir='ltr' id='par_1_5' title="bbox 121 463 1621 650">
     <span class='ocr_line' id='line_1_7' title="bbox 126 463 1621 557; baseline 0 -18"><span class='ocrx_word' id='word_1_30' title='bbox 126 481 195 554; x_wconf 88' lang='lat' dir='ltr'>mii,</span> <span class='ocrx_word' id='word_1_31' title='bbox 216 479 426 556; x_wconf 89' lang='lat' dir='ltr'>aliorumque,</span> <span class='ocrx_word' id='word_1_32' title='bbox 447 479 512 554; x_wconf 88' lang='lat' dir='ltr'>lliog</span> <span class='ocrx_word' id='word_1_33' title='bbox 516 463 580 537; x_wconf 91' lang='lat' dir='ltr'>uui.</span> <span class='ocrx_word' id='word_1_34' title='bbox 604 476 695 538; x_wconf 88' lang='grc'><strong>4604.</strong></span> <span class='ocrx_word' id='word_1_35' title='bbox 718 477 745 536; x_wconf 90' lang='grc'><strong>8.</strong></span> <span class='ocrx_word' id='word_1_36' title='bbox 770 479 846 537; x_wconf 90' lang='lat' dir='ltr'>llaec</span> <span class='ocrx_word' id='word_1_37' title='bbox 903 471 1062 533; x_wconf 88' lang='lat' dir='ltr'>Suriusei</span> <span class='ocrx_word' id='word_1_38' title='bbox 1084 475 1157 534; x_wconf 88' lang='grc'><strong>6646</strong></span> <span class='ocrx_word' id='word_1_39' title='bbox 1181 477 1281 537; x_wconf 89' lang='lat' dir='ltr'>Sanci.</span> <span class='ocrx_word' id='word_1_40' title='bbox 1304 478 1340 540; x_wconf 93' lang='lat' dir='ltr'>ad</span> <span class='ocrx_word' id='word_1_41' title='bbox 1365 480 1447 540; x_wconf 92' lang='lat' dir='ltr'>ilium</span> <span class='ocrx_word' id='word_1_42' title='bbox 1470 479 1568 557; x_wconf 89' lang='lat' dir='ltr'>diem,</span> <span class='ocrx_word' id='word_1_43' title='bbox 1589 489 1621 542; x_wconf 87' lang='lat' dir='ltr'><strong>et</strong></span> 
     </span>
     <span class='ocr_line' id='line_1_8' title="bbox 121 562 1621 650; baseline 0.001 -18"><span class='ocrx_word' id='word_1_44' title='bbox 121 574 195 650; x_wconf 86' lang='lat' dir='ltr'>Lupi</span> <span class='ocrx_word' id='word_1_45' title='bbox 210 573 322 649; x_wconf 88' lang='lat' dir='ltr'>scripta</span> <span class='ocrx_word' id='word_1_46' title='bbox 341 571 495 630; x_wconf 75' lang='lat' dir='ltr'>recensuit</span> <span class='ocrx_word' id='word_1_47' title='bbox 512 578 604 648; x_wconf 89' lang='lat' dir='ltr'>atque</span> <span class='ocrx_word' id='word_1_48' title='bbox 622 568 751 630; x_wconf 90' lang='lat' dir='ltr'>eruditis</span> <span class='ocrx_word' id='word_1_49' title='bbox 769 571 847 628; x_wconf 91' lang='lat' dir='ltr'>notis</span> <span class='ocrx_word' id='word_1_50' title='bbox 902 562 1062 642; x_wconf 77' lang='lat' dir='ltr'>diligenter</span> <span class='ocrx_word' id='word_1_51' title='bbox 1085 574 1176 644; x_wconf 89' lang='lat' dir='ltr'>aique</span> <span class='ocrx_word' id='word_1_52' title='bbox 1199 577 1339 632; x_wconf 87' lang='lat' dir='ltr'>accurate</span> <span class='ocrx_word' id='word_1_53' title='bbox 1361 573 1569 635; x_wconf 85' lang='lat' dir='ltr'>Tillemoniius</span> <span class='ocrx_word' id='word_1_54' title='bbox 1586 576 1621 635; x_wconf 92' lang='lat' dir='ltr'>T</span> 
     </span>
    </p>
   </div>
   <div class='ocr_carea' id='block_1_6' title="bbox 12 658 1623 1212">
    <p class='ocr_par' dir='ltr' id='par_1_6' title="bbox 12 650 1623 1212">
     <span class='ocr_line' id='line_1_9' title="bbox 127 658 1621 746; baseline 0 -22"><span class='ocrx_word' id='word_1_55' title='bbox 127 658 296 726; x_wconf 77' lang='lat' dir='ltr'>illustravit</span> <span class='ocrx_word' id='word_1_56' title='bbox 312 663 485 742; x_wconf 78' lang='lat' dir='ltr'>Stephanus</span> <span class='ocrx_word' id='word_1_57' title='bbox 502 663 644 722; x_wconf 87' lang='lat' dir='ltr'>Bnluzius</span> <span class='ocrx_word' id='word_1_58' title='bbox 660 663 752 722; x_wconf 86' lang='lat' dir='ltr'>Paris.</span> <span class='ocrx_word' id='word_1_59' title='bbox 771 662 847 722; x_wconf 92' lang='grc'><strong>4664</strong></span> <span class='ocrx_word' id='word_1_60' title='bbox 902 658 983 717; x_wconf 84' lang='lat' dir='ltr'>xvi.</span> <span class='ocrx_word' id='word_1_61' title='bbox 1007 663 1174 721; x_wconf 77' lang='lat' dir='ltr'>momoriae.</span> <span class='ocrx_word' id='word_1_62' title='bbox 1204 681 1269 743; x_wconf 85' lang='lat' dir='ltr'>pag.</span> <span class='ocrx_word' id='word_1_63' title='bbox 1293 667 1361 727; x_wconf 88' lang='grc'><strong>160.</strong></span> <span class='ocrx_word' id='word_1_64' title='bbox 1391 683 1458 746; x_wconf 86' lang='lat' dir='ltr'><strong>sqq.</strong></span> <span class='ocrx_word' id='word_1_65' title='bbox 1488 667 1561 728; x_wconf 90' lang='lat' dir='ltr'>Vide</span> <span class='ocrx_word' id='word_1_66' title='bbox 1589 675 1621 728; x_wconf 89' lang='lat' dir='ltr'><strong>et</strong></span> 
     </span>
     <span class='ocr_line' id='line_1_10' title="bbox 19 752 1623 835; baseline 0.001 -16"><span class='ocrx_word' id='word_1_67' title='bbox 19 797 22 802; x_wconf 92' lang='lat'><em>-</em></span> <span class='ocrx_word' id='word_1_68' title='bbox 124 757 153 818; x_wconf 89' lang='lat'><strong>8.</strong></span> <span class='ocrx_word' id='word_1_69' title='bbox 170 775 248 835; x_wconf 90' lang='grc'><strong>6666</strong></span> <span class='ocrx_word' id='word_1_70' title='bbox 263 756 353 816; x_wconf 87' lang='grc'><strong>664416</strong></span> <span class='ocrx_word' id='word_1_71' title='bbox 370 771 476 816; x_wconf 88' lang='grc'><strong>666666</strong></span> <span class='ocrx_word' id='word_1_72' title='bbox 494 755 522 814; x_wconf 89' lang='grc'><strong>46</strong></span> <span class='ocrx_word' id='word_1_73' title='bbox 536 754 607 815; x_wconf 91' lang='lat' dir='ltr'>Bibl.</span> <span class='ocrx_word' id='word_1_74' title='bbox 621 756 740 814; x_wconf 86' lang='lat' dir='ltr'>Petrum</span> <span class='ocrx_word' id='word_1_75' title='bbox 753 753 846 831; x_wconf 90' lang='lat' dir='ltr'>Lugd.</span> <span class='ocrx_word' id='word_1_76' title='bbox 903 752 1044 812; x_wconf 89' lang='lat' dir='ltr'>iliraeum</span> <span class='ocrx_word' id='word_1_77' title='bbox 1066 770 1093 813; x_wconf 90' lang='grc'><strong>6.</strong></span> <span class='ocrx_word' id='word_1_78' title='bbox 1117 755 1186 816; x_wconf 82' lang='lat' dir='ltr'>iiii.</span> <span class='ocrx_word' id='word_1_79' title='bbox 1206 761 1331 819; x_wconf 89' lang='lat' dir='ltr'>auctarii</span> <span class='ocrx_word' id='word_1_80' title='bbox 1353 758 1390 819; x_wconf 91' lang='grc'><strong>66</strong></span> <span class='ocrx_word' id='word_1_81' title='bbox 1413 761 1443 821; x_wconf 93' lang='lat' dir='ltr'><strong>S.</strong></span> <span class='ocrx_word' id='word_1_82' title='bbox 1464 763 1498 821; x_wconf 91' lang='lat' dir='ltr'>E.</span> <span class='ocrx_word' id='word_1_83' title='bbox 1521 767 1552 820; x_wconf 90' lang='grc'><strong>64</strong></span> <span class='ocrx_word' id='word_1_84' title='bbox 1569 762 1623 822; x_wconf 88' lang='lat' dir='ltr'>Sa-</span> 
     </span>
     <span class='ocr_line' id='line_1_11' title="bbox 16 843 1620 914; baseline 0 -2"><span class='ocrx_word' id='word_1_85' title='bbox 16 843 44 897; x_wconf 75' lang='grc'><strong>4</strong></span> <span class='ocrx_word' id='word_1_86' title='bbox 127 853 213 912; x_wconf 81' lang='grc'><strong>4676.</strong></span> <span class='ocrx_word' id='word_1_87' title='bbox 244 852 328 911; x_wconf 89' lang='lat' dir='ltr'>Tom.</span> <span class='ocrx_word' id='word_1_88' title='bbox 358 852 422 910; x_wconf 86' lang='lat' dir='ltr'>XV.</span> <span class='ocrx_word' id='word_1_89' title='bbox 452 851 555 910; x_wconf 87' lang='lat' dir='ltr'>statim</span> <span class='ocrx_word' id='word_1_90' title='bbox 587 851 615 908; x_wconf 93' lang='lat' dir='ltr'><strong>in</strong></span> <span class='ocrx_word' id='word_1_91' title='bbox 647 848 760 908; x_wconf 87' lang='lat' dir='ltr'>limine.</span> <span class='ocrx_word' id='word_1_92' title='bbox 787 847 846 909; x_wconf 90' lang='lat' dir='ltr'><strong>Sed</strong></span> <span class='ocrx_word' id='word_1_93' title='bbox 901 859 1045 906; x_wconf 88' lang='lat' dir='ltr'>varonem</span> <span class='ocrx_word' id='word_1_94' title='bbox 1065 849 1309 912; x_wconf 87' lang='lat' dir='ltr'>acSirmondum</span> <span class='ocrx_word' id='word_1_95' title='bbox 1331 852 1368 913; x_wconf 89' lang='lat' dir='ltr'>ad</span> <span class='ocrx_word' id='word_1_96' title='bbox 1392 853 1503 914; x_wconf 90' lang='lat' dir='ltr'>Sidonii</span> <span class='ocrx_word' id='word_1_97' title='bbox 1525 855 1620 914; x_wconf 86' lang='grc'><strong>444.</strong></span> 
     </span>
     <span class='ocr_line' id='line_1_12' title="bbox 25 933 1623 1023; baseline 0.001 -19"><span class='ocrx_word' id='word_1_98' title='bbox 25 939 37 968; x_wconf 78' lang='grc'>”</span> <span class='ocrx_word' id='word_1_99' title='bbox 123 943 232 1023; x_wconf 90' lang='lat' dir='ltr'>prodiit</span> <span class='ocrx_word' id='word_1_100' title='bbox 249 943 358 1004; x_wconf 73' lang='lat' dir='ltr'>deinde</span> <span class='ocrx_word' id='word_1_101' title='bbox 377 945 488 1002; x_wconf 88' lang='lat' dir='ltr'>iterum</span> <span class='ocrx_word' id='word_1_102' title='bbox 509 944 610 1020; x_wconf 80' lang='lat' dir='ltr'>Lupus</span> <span class='ocrx_word' id='word_1_103' title='bbox 632 944 748 1020; x_wconf 76' lang='lat' dir='ltr'><strong>Lipsiae</strong></span> <span class='ocrx_word' id='word_1_104' title='bbox 763 941 847 1017; x_wconf 81' lang='lat' dir='ltr'>(licet</span> <span class='ocrx_word' id='word_1_105' title='bbox 901 937 997 1014; x_wconf 90' lang='lat' dir='ltr'>Epist.</span> <span class='ocrx_word' id='word_1_106' title='bbox 1016 940 1145 1020; x_wconf 81' lang='lat' dir='ltr'><strong>Scripsit</strong></span> <span class='ocrx_word' id='word_1_107' title='bbox 1162 959 1217 1004; x_wconf 91' lang='lat' dir='ltr'><strong>suo</strong></span> <span class='ocrx_word' id='word_1_108' title='bbox 1239 952 1271 1005; x_wconf 89' lang='grc'><strong>64</strong></span> <span class='ocrx_word' id='word_1_109' title='bbox 1292 947 1321 1007; x_wconf 90' lang='lat' dir='ltr'><strong>S.</strong></span> <span class='ocrx_word' id='word_1_110' title='bbox 1340 933 1542 1007; x_wconf 82' lang='lat' dir='ltr'>EUPllliOh&#39;ll</span> <span class='ocrx_word' id='word_1_111' title='bbox 1560 946 1623 1007; x_wconf 86' lang='grc'><strong>66-</strong></span> 
     </span>
     <span class='ocr_line' id='line_1_13' title="bbox 12 1031 1622 1120; baseline 0.001 -23"><span class='ocrx_word' id='word_1_112' title='bbox 12 1031 13 1036; x_wconf 66' lang='grc'>’</span> <span class='ocrx_word' id='word_1_113' title='bbox 123 1037 231 1098; x_wconf 87' lang='lat' dir='ltr'>titulus</span> <span class='ocrx_word' id='word_1_114' title='bbox 246 1036 455 1114; x_wconf 76' lang='lat' dir='ltr'>antuerpiam</span> <span class='ocrx_word' id='word_1_115' title='bbox 474 1037 642 1115; x_wconf 88' lang='lat' dir='ltr'>praeierat)</span> <span class='ocrx_word' id='word_1_116' title='bbox 659 1035 746 1096; x_wconf 89' lang='grc'><strong>4710.</strong></span> <span class='ocrx_word' id='word_1_117' title='bbox 763 1037 791 1094; x_wconf 91' lang='grc'><strong>8.</strong></span> <span class='ocrx_word' id='word_1_118' title='bbox 808 1051 847 1094; x_wconf 85' lang='lat' dir='ltr'>cx</span> <span class='ocrx_word' id='word_1_119' title='bbox 901 1031 1139 1107; x_wconf 87' lang='lat' dir='ltr'>gusiodunensis</span> <span class='ocrx_word' id='word_1_120' title='bbox 1158 1041 1278 1098; x_wconf 90' lang='lat' dir='ltr'>nomine</span> <span class='ocrx_word' id='word_1_121' title='bbox 1301 1045 1369 1118; x_wconf 85' lang='lat' dir='ltr'>posi.</span> <span class='ocrx_word' id='word_1_122' title='bbox 1391 1041 1447 1100; x_wconf 87' lang='grc'><strong>66.</strong></span> <span class='ocrx_word' id='word_1_123' title='bbox 1465 1041 1533 1100; x_wconf 90' lang='grc'><strong>443.</strong></span> <span class='ocrx_word' id='word_1_124' title='bbox 1551 1039 1622 1120; x_wconf 86' lang='lat' dir='ltr'>Epi-</span> 
     </span>
     <span class='ocr_line' id='line_1_14' title="bbox 12 1121 1622 1212; baseline 0.001 -21"><span class='ocrx_word' id='word_1_125' title='bbox 12 1145 43 1182; x_wconf 59' lang='lat' dir='ltr'><strong>2r</strong></span> <span class='ocrx_word' id='word_1_126' title='bbox 123 1129 257 1190; x_wconf 87' lang='lat' dir='ltr'>secunda</span> <span class='ocrx_word' id='word_1_127' title='bbox 285 1127 397 1190; x_wconf 81' lang='lat' dir='ltr'>laudari</span> <span class='ocrx_word' id='word_1_128' title='bbox 427 1129 539 1189; x_wconf 84' lang='lat' dir='ltr'>baluzii</span> <span class='ocrx_word' id='word_1_129' title='bbox 560 1129 744 1188; x_wconf 85' lang='lat' dir='ltr'>recensione.</span> <span class='ocrx_word' id='word_1_130' title='bbox 772 1126 846 1188; x_wconf 94' lang='grc'><strong>4466</strong></span> <span class='ocrx_word' id='word_1_131' title='bbox 901 1121 1006 1184; x_wconf 81' lang='lat' dir='ltr'>stolam</span> <span class='ocrx_word' id='word_1_132' title='bbox 1034 1125 1076 1186; x_wconf 88' lang='lat' dir='ltr'><strong>nd</strong></span> <span class='ocrx_word' id='word_1_133' title='bbox 1099 1127 1251 1190; x_wconf 84' lang='lat' dir='ltr'>Talasium</span> <span class='ocrx_word' id='word_1_134' title='bbox 1272 1131 1454 1211; x_wconf 87' lang='lat' dir='ltr'>Episcopum</span> <span class='ocrx_word' id='word_1_135' title='bbox 1483 1132 1622 1212; x_wconf 81' lang='lat' dir='ltr'>liudege-</span> 
     </span>
    </p>
   </div>
   <div class='ocr_carea' id='block_1_7' title="bbox 17 1223 627 1301">
    <p class='ocr_par' dir='ltr' id='par_1_7' title="bbox 17 1223 627 1301">
     <span class='ocr_line' id='line_1_15' title="bbox 17 1223 627 1301; baseline -0.005 -17"><span class='ocrx_word' id='word_1_136' title='bbox 17 1241 36 1270; x_wconf 88' lang='lat'><strong>-·</strong></span> <span class='ocrx_word' id='word_1_137' title='bbox 123 1224 198 1284; x_wconf 82' lang='grc'><strong>6646</strong></span> <span class='ocrx_word' id='word_1_138' title='bbox 222 1223 337 1284; x_wconf 86' lang='lat' dir='ltr'>Erudit.</span> <span class='ocrx_word' id='word_1_139' title='bbox 361 1223 447 1284; x_wconf 81' lang='grc'><strong>1715.</strong></span> <span class='ocrx_word' id='word_1_140' title='bbox 471 1240 538 1301; x_wconf 86' lang='lat' dir='ltr'>pag.</span> <span class='ocrx_word' id='word_1_141' title='bbox 560 1223 627 1282; x_wconf 81' lang='grc'><strong>606.</strong></span> 
     </span>
    </p>
   </div>
   <div class='ocr_carea' id='block_1_8' title="bbox 902 1221 1623 1303">
    <p class='ocr_par' dir='ltr' id='par_1_8' title="bbox 902 1221 1623 1303">
     <span class='ocr_line' id='line_1_16' title="bbox 902 1221 1623 1303; baseline 0.018 -29"><span class='ocrx_word' id='word_1_142' title='bbox 902 1233 1047 1292; x_wconf 80' lang='lat' dir='ltr'>oensem,</span> <span class='ocrx_word' id='word_1_143' title='bbox 1065 1221 1131 1280; x_wconf 87' lang='grc'><strong>6466</strong></span> <span class='ocrx_word' id='word_1_144' title='bbox 1149 1222 1186 1283; x_wconf 92' lang='grc'><strong>66</strong></span> <span class='ocrx_word' id='word_1_145' title='bbox 1209 1227 1472 1286; x_wconf 87' lang='lat' dir='ltr'>commonitorium</span> <span class='ocrx_word' id='word_1_146' title='bbox 1491 1225 1558 1303; x_wconf 90' lang='lat' dir='ltr'>ejus</span> <span class='ocrx_word' id='word_1_147' title='bbox 1576 1243 1623 1286; x_wconf 87' lang='lat' dir='ltr'>re.-</span> 
     </span>
    </p>
   </div>
   <div class='ocr_carea' id='block_1_9' title="bbox 12 1312 1677 1586">
    <p class='ocr_par' dir='ltr' id='par_1_9' title="bbox 12 1312 1677 1586">
     <span class='ocr_line' id='line_1_17' title="bbox 12 1312 1677 1393; baseline 0.003 -20"><span class='ocrx_word' id='word_1_148' title='bbox 12 1327 40 1374; x_wconf 75' lang='lat' dir='ltr'><strong>iti</strong></span> <span class='ocrx_word' id='word_1_149' title='bbox 164 1317 299 1378; x_wconf 76' lang='lat' dir='ltr'>*Vitam</span> <span class='ocrx_word' id='word_1_150' title='bbox 319 1319 350 1378; x_wconf 90' lang='lat' dir='ltr'>S.</span> <span class='ocrx_word' id='word_1_151' title='bbox 369 1317 525 1376; x_wconf 82' lang='lat' dir='ltr'>Maximini</span> <span class='ocrx_word' id='word_1_152' title='bbox 549 1316 686 1376; x_wconf 81' lang='lat' dir='ltr'>lialutius</span> <span class='ocrx_word' id='word_1_153' title='bbox 707 1316 844 1392; x_wconf 88' lang='lat' dir='ltr'>scriptori</span> <span class='ocrx_word' id='word_1_154' title='bbox 901 1312 1092 1387; x_wconf 88' lang='lat' dir='ltr'>sponsionem</span> <span class='ocrx_word' id='word_1_155' title='bbox 1120 1313 1158 1375; x_wconf 89' lang='grc'><strong>66</strong></span> <span class='ocrx_word' id='word_1_156' title='bbox 1180 1315 1294 1393; x_wconf 89' lang='lat' dir='ltr'>Vigiliis</span> <span class='ocrx_word' id='word_1_157' title='bbox 1316 1320 1429 1379; x_wconf 91' lang='lat' dir='ltr'>Natalis</span> <span class='ocrx_word' id='word_1_158' title='bbox 1450 1321 1570 1382; x_wconf 85' lang='lat' dir='ltr'>Domini</span> <span class='ocrx_word' id='word_1_159' title='bbox 1590 1325 1623 1378; x_wconf 90' lang='lat' dir='ltr'><strong>et</strong></span> <span class='ocrx_word' id='word_1_160' title='bbox 1674 1337 1677 1343; x_wconf 89' lang='lat'>·</span> 
     </span>
     <span class='ocr_line' id='line_1_18' title="bbox 124 1403 1622 1490; baseline 0.007 -29.305"><span class='ocrx_word' id='word_1_161' title='bbox 124 1413 194 1473; x_wconf 68' lang='lat' dir='ltr'><strong>hmo</strong></span> <span class='ocrx_word' id='word_1_162' title='bbox 211 1413 335 1488; x_wconf 50' lang='lat' dir='ltr'>tribum</span> <span class='ocrx_word' id='word_1_163' title='bbox 356 1415 463 1490; x_wconf 61' lang='lat' dir='ltr'>reliqui</span> <span class='ocrx_word' id='word_1_164' title='bbox 496 1418 598 1472; x_wconf 70' lang='lat' dir='ltr'>tamen</span> <span class='ocrx_word' id='word_1_165' title='bbox 627 1427 736 1470; x_wconf 66' lang='lat' dir='ltr'>omnes</span> <span class='ocrx_word' id='word_1_166' title='bbox 764 1412 845 1488; x_wconf 79' lang='lat' dir='ltr'>Lupo</span> <span class='ocrx_word' id='word_1_167' title='bbox 902 1403 1052 1480; x_wconf 85' lang='lat' dir='ltr'>Paschae,</span> <span class='ocrx_word' id='word_1_168' title='bbox 1070 1414 1100 1466; x_wconf 90' lang='lat' dir='ltr'><strong>et</strong></span> <span class='ocrx_word' id='word_1_169' title='bbox 1117 1409 1295 1472; x_wconf 90' lang='lat' dir='ltr'>clericorum</span> <span class='ocrx_word' id='word_1_170' title='bbox 1317 1412 1444 1490; x_wconf 81' lang='lat' dir='ltr'>bigamia</span> <span class='ocrx_word' id='word_1_171' title='bbox 1464 1425 1522 1472; x_wconf 89' lang='lat' dir='ltr'><strong>non</strong></span> <span class='ocrx_word' id='word_1_172' title='bbox 1542 1414 1622 1474; x_wconf 86' lang='lat' dir='ltr'>ultra</span> 
     </span>
     <span class='ocr_line' id='line_1_19' title="bbox 12 1499 1623 1586; baseline 0.003 -23"><span class='ocrx_word' id='word_1_173' title='bbox 12 1525 42 1566; x_wconf 66' lang='lat' dir='ltr'><strong>es:</strong></span> <span class='ocrx_word' id='word_1_174' title='bbox 123 1507 209 1567; x_wconf 89' lang='lat' dir='ltr'>alteri</span> <span class='ocrx_word' id='word_1_175' title='bbox 233 1507 448 1567; x_wconf 88' lang='lat' dir='ltr'>Catalaunensi</span> <span class='ocrx_word' id='word_1_176' title='bbox 465 1507 632 1584; x_wconf 84' lang='lat' dir='ltr'>Episcopo,</span> <span class='ocrx_word' id='word_1_177' title='bbox 649 1506 700 1582; x_wconf 94' lang='grc'><strong>664</strong></span> <span class='ocrx_word' id='word_1_178' title='bbox 717 1504 847 1564; x_wconf 89' lang='lat' dir='ltr'>cadente</span> <span class='ocrx_word' id='word_1_179' title='bbox 902 1499 1039 1559; x_wconf 73' lang='grc'><strong>1454446406</strong></span> <span class='ocrx_word' id='word_1_180' title='bbox 1061 1504 1206 1579; x_wconf 91' lang='lat' dir='ltr'>permissa</span> <span class='ocrx_word' id='word_1_181' title='bbox 1228 1513 1259 1566; x_wconf 89' lang='grc'><strong>64</strong></span> <span class='ocrx_word' id='word_1_182' title='bbox 1280 1505 1317 1567; x_wconf 87' lang='grc'><strong>66</strong></span> <span class='ocrx_word' id='word_1_183' title='bbox 1341 1507 1448 1583; x_wconf 88' lang='grc'><strong>446664</strong></span> <span class='ocrx_word' id='word_1_184' title='bbox 1470 1506 1623 1586; x_wconf 82' lang='lat' dir='ltr'>conjugati</span> 
     </span>
    </p>
   </div>
   <div class='ocr_carea' id='block_1_10' title="bbox 12 1876 845 2520">
    <p class='ocr_par' dir='ltr' id='par_1_10' title="bbox 12 1876 845 2520">
     <span class='ocr_line' id='line_1_20' title="bbox 27 1876 845 1958; baseline -0.011 -13"><span class='ocrx_word' id='word_1_185' title='bbox 27 1889 37 1945; x_wconf 69' lang='lat' dir='ltr'><strong>&#39;l</strong></span> <span class='ocrx_word' id='word_1_186' title='bbox 125 1880 224 1939; x_wconf 91' lang='lat' dir='ltr'>milias</span> <span class='ocrx_word' id='word_1_187' title='bbox 244 1882 383 1958; x_wconf 87' lang='lat' dir='ltr'>geminas</span> <span class='ocrx_word' id='word_1_188' title='bbox 401 1881 430 1939; x_wconf 94' lang='lat' dir='ltr'><strong>in</strong></span> <span class='ocrx_word' id='word_1_189' title='bbox 449 1880 642 1939; x_wconf 83' lang='lat' dir='ltr'>solemnitate</span> <span class='ocrx_word' id='word_1_190' title='bbox 660 1880 690 1938; x_wconf 92' lang='lat' dir='ltr'><strong>S.</strong></span> <span class='ocrx_word' id='word_1_191' title='bbox 708 1876 845 1954; x_wconf 74' lang='grc'><strong>4446666-</strong></span> 
     </span>
     <span class='ocr_line' id='line_1_21' title="bbox 13 1970 844 2051; baseline -0.001 -22"><span class='ocrx_word' id='word_1_192' title='bbox 13 1985 35 2044; x_wconf 71' lang='grc' dir='ltr'><strong>;ι;</strong></span> <span class='ocrx_word' id='word_1_193' title='bbox 124 1973 147 2028; x_wconf 92' lang='grc'><strong>44</strong></span> <span class='ocrx_word' id='word_1_194' title='bbox 165 1973 292 2034; x_wconf 86' lang='grc'><strong>61466466</strong></span> <span class='ocrx_word' id='word_1_195' title='bbox 316 1990 385 2033; x_wconf 85' lang='grc'><strong>6666</strong></span> <span class='ocrx_word' id='word_1_196' title='bbox 408 1974 563 2051; x_wconf 84' lang='grc'><strong>6664646646</strong></span> <span class='ocrx_word' id='word_1_197' title='bbox 584 1989 621 2030; x_wconf 84' lang='lat' dir='ltr'><strong>ex</strong></span> <span class='ocrx_word' id='word_1_198' title='bbox 646 1971 715 2048; x_wconf 84' lang='lat' dir='ltr'>styli</span> <span class='ocrx_word' id='word_1_199' title='bbox 744 1970 844 2031; x_wconf 90' lang='lat' dir='ltr'>diver-</span> 
     </span>
     <span class='ocr_line' id='line_1_22' title="bbox 121 2065 843 2141; baseline 0.002 -20.738"><span class='ocrx_word' id='word_1_200' title='bbox 121 2066 211 2124; x_wconf 91' lang='lat' dir='ltr'>sitate</span> <span class='ocrx_word' id='word_1_201' title='bbox 235 2068 290 2125; x_wconf 86' lang='lat' dir='ltr'>viri</span> <span class='ocrx_word' id='word_1_202' title='bbox 315 2068 355 2126; x_wconf 90' lang='lat' dir='ltr'>illi</span> <span class='ocrx_word' id='word_1_203' title='bbox 374 2065 454 2127; x_wconf 90' lang='lat' dir='ltr'>docti</span> <span class='ocrx_word' id='word_1_204' title='bbox 476 2065 651 2140; x_wconf 79' lang='lat' dir='ltr'>diudioaiit3</span> <span class='ocrx_word' id='word_1_205' title='bbox 666 2065 843 2141; x_wconf 91' lang='lat' dir='ltr'>opinantur-</span> 
     </span>
     <span class='ocr_line' id='line_1_23' title="bbox 125 2158 842 2237; baseline -0.005 -20.545"><span class='ocrx_word' id='word_1_206' title='bbox 125 2174 185 2234; x_wconf 90' lang='lat' dir='ltr'><strong>que</strong></span> <span class='ocrx_word' id='word_1_207' title='bbox 204 2160 327 2237; x_wconf 89' lang='lat' dir='ltr'>insuper</span> <span class='ocrx_word' id='word_1_208' title='bbox 347 2162 467 2220; x_wconf 88' lang='lat' dir='ltr'>unicam</span> <span class='ocrx_word' id='word_1_209' title='bbox 486 2175 554 2217; x_wconf 90' lang='grc'><strong>6666</strong></span> <span class='ocrx_word' id='word_1_210' title='bbox 572 2158 725 2217; x_wconf 91' lang='lat' dir='ltr'>homiliam</span> <span class='ocrx_word' id='word_1_211' title='bbox 745 2158 773 2214; x_wconf 93' lang='lat' dir='ltr'><strong>in</strong></span> <span class='ocrx_word' id='word_1_212' title='bbox 792 2173 842 2232; x_wconf 87' lang='lat' dir='ltr'><strong>ge-</strong></span> 
     </span>
     <span class='ocr_line' id='line_1_24' title="bbox 24 2250 842 2326; baseline -0.006 -15"><span class='ocrx_word' id='word_1_213' title='bbox 24 2289 27 2326; x_wconf 64' lang='lat'><strong>3</strong></span> <span class='ocrx_word' id='word_1_214' title='bbox 127 2253 226 2312; x_wconf 91' lang='lat' dir='ltr'>minas</span> <span class='ocrx_word' id='word_1_215' title='bbox 243 2251 427 2312; x_wconf 88' lang='lat' dir='ltr'>dissectam:</span> <span class='ocrx_word' id='word_1_216' title='bbox 444 2253 539 2312; x_wconf 91' lang='grc'><strong>614666</strong></span> <span class='ocrx_word' id='word_1_217' title='bbox 558 2254 638 2310; x_wconf 92' lang='lat' dir='ltr'>enim</span> <span class='ocrx_word' id='word_1_218' title='bbox 656 2268 694 2310; x_wconf 85' lang='lat' dir='ltr'><strong>ex</strong></span> <span class='ocrx_word' id='word_1_219' title='bbox 714 2250 772 2310; x_wconf 91' lang='lat' dir='ltr'>illis</span> <span class='ocrx_word' id='word_1_220' title='bbox 797 2251 842 2307; x_wconf 91' lang='lat' dir='ltr'><strong>in-</strong></span> 
     </span>
     <span class='ocr_line' id='line_1_25' title="bbox 12 2345 840 2424; baseline -0.006 -17"><span class='ocrx_word' id='word_1_221' title='bbox 12 2385 25 2424; x_wconf 67' lang='grc'><strong>,</strong></span> <span class='ocrx_word' id='word_1_222' title='bbox 126 2347 218 2423; x_wconf 91' lang='lat' dir='ltr'>cipit:</span> <span class='ocrx_word' id='word_1_223' title='bbox 238 2347 357 2418; x_wconf 79' lang='lat' dir='ltr'>Restat,</span> <span class='ocrx_word' id='word_1_224' title='bbox 375 2347 454 2424; x_wconf 93' lang='lat' dir='ltr'>quod</span> <span class='ocrx_word' id='word_1_225' title='bbox 476 2347 625 2405; x_wconf 88' lang='lat' dir='ltr'>sermonis</span> <span class='ocrx_word' id='word_1_226' title='bbox 642 2345 840 2404; x_wconf 90' lang='lat' dir='ltr'>continuatio·</span> 
     </span>
     <span class='ocr_line' id='line_1_26' title="bbox 17 2435 678 2520; baseline -0.003 -22"><span class='ocrx_word' id='word_1_227' title='bbox 17 2481 26 2520; x_wconf 72' lang='grc'><strong>,</strong></span> <span class='ocrx_word' id='word_1_228' title='bbox 127 2455 196 2499; x_wconf 89' lang='lat' dir='ltr'><strong>nem</strong></span> <span class='ocrx_word' id='word_1_229' title='bbox 216 2457 273 2499; x_wconf 94' lang='lat' dir='ltr'><strong>non</strong></span> <span class='ocrx_word' id='word_1_230' title='bbox 291 2441 431 2516; x_wconf 88' lang='lat' dir='ltr'>ambigue</span> <span class='ocrx_word' id='word_1_231' title='bbox 447 2435 678 2499; x_wconf 76' lang='lat' dir='ltr'>demonstrat*</span> 
     </span>
    </p>
   </div>
   <div class='ocr_carea' id='block_1_11' title="bbox 123 1597 1624 2500">
    <p class='ocr_par' dir='ltr' id='par_1_11' title="bbox 123 1597 1624 2500">
     <span class='ocr_line' id='line_1_27' title="bbox 124 1597 1621 1682; baseline 0.001 -22"><span class='ocrx_word' id='word_1_232' title='bbox 124 1600 244 1660; x_wconf 89' lang='lat' dir='ltr'>saeculo</span> <span class='ocrx_word' id='word_1_233' title='bbox 277 1603 327 1660; x_wconf 85' lang='lat' dir='ltr'><strong>ix.</strong></span> <span class='ocrx_word' id='word_1_234' title='bbox 357 1600 501 1674; x_wconf 87' lang='lat' dir='ltr'>ilorebai,</span> <span class='ocrx_word' id='word_1_235' title='bbox 523 1597 756 1660; x_wconf 89' lang='lat' dir='ltr'>adscribendam</span> <span class='ocrx_word' id='word_1_236' title='bbox 779 1614 847 1657; x_wconf 88' lang='lat' dir='ltr'>esse</span> <span class='ocrx_word' id='word_1_237' title='bbox 902 1601 1111 1654; x_wconf 84' lang='lat' dir='ltr'>assumuntur.</span> <span class='ocrx_word' id='word_1_238' title='bbox 1144 1597 1254 1658; x_wconf 84' lang='lat' dir='ltr'>Exstat</span> <span class='ocrx_word' id='word_1_239' title='bbox 1282 1601 1310 1658; x_wconf 94' lang='lat' dir='ltr'><strong>in</strong></span> <span class='ocrx_word' id='word_1_240' title='bbox 1339 1602 1431 1673; x_wconf 83' lang='grc'><strong>466646</strong></span> <span class='ocrx_word' id='word_1_241' title='bbox 1462 1602 1621 1682; x_wconf 77' lang='grc'><strong>4466644466.</strong></span> 
     </span>
     <span class='ocr_line' id='line_1_28' title="bbox 123 1690 848 1754; baseline -0.008 0"><span class='ocrx_word' id='word_1_242' title='bbox 123 1700 260 1754; x_wconf 86' lang='grc'><strong>6666664.</strong></span> <span class='ocrx_word' id='word_1_243' title='bbox 284 1692 356 1754; x_wconf 90' lang='grc'><strong>4466</strong></span> <span class='ocrx_word' id='word_1_244' title='bbox 383 1693 527 1754; x_wconf 86' lang='lat' dir='ltr'>authores</span> <span class='ocrx_word' id='word_1_245' title='bbox 559 1693 700 1752; x_wconf 87' lang='lat' dir='ltr'>historiae.</span> <span class='ocrx_word' id='word_1_246' title='bbox 734 1690 848 1750; x_wconf 86' lang='lat' dir='ltr'>littera·</span> 
     </span>
     <span class='ocr_line' id='line_1_29' title="bbox 123 1778 1622 1864; baseline 0.001 -18"><span class='ocrx_word' id='word_1_247' title='bbox 123 1788 185 1846; x_wconf 89' lang='lat' dir='ltr'>riae</span> <span class='ocrx_word' id='word_1_248' title='bbox 206 1787 339 1847; x_wconf 89' lang='lat' dir='ltr'>Gallicae</span> <span class='ocrx_word' id='word_1_249' title='bbox 361 1791 383 1845; x_wconf 87' lang='lat' dir='ltr'><strong>t.</strong></span> <span class='ocrx_word' id='word_1_250' title='bbox 407 1787 439 1846; x_wconf 95' lang='grc'><strong>4.</strong></span> <span class='ocrx_word' id='word_1_251' title='bbox 462 1804 489 1864; x_wconf 89' lang='grc'><strong>6.</strong></span> <span class='ocrx_word' id='word_1_252' title='bbox 510 1785 579 1844; x_wconf 91' lang='grc'><strong>667.</strong></span> <span class='ocrx_word' id='word_1_253' title='bbox 599 1787 641 1844; x_wconf 92' lang='grc'><strong>146</strong></span> <span class='ocrx_word' id='word_1_254' title='bbox 661 1787 773 1864; x_wconf 85' lang='grc'><strong>6664466</strong></span> <span class='ocrx_word' id='word_1_255' title='bbox 795 1783 847 1842; x_wconf 93' lang='lat' dir='ltr'><strong>ho·</strong></span> <span class='ocrx_word' id='word_1_256' title='bbox 902 1793 967 1856; x_wconf 83' lang='lat' dir='ltr'>pag.</span> <span class='ocrx_word' id='word_1_257' title='bbox 990 1778 1057 1840; x_wconf 84' lang='lat' dir='ltr'>isi.</span> <span class='ocrx_word' id='word_1_258' title='bbox 1080 1785 1161 1842; x_wconf 90' lang='grc'><strong>6446</strong></span> <span class='ocrx_word' id='word_1_259' title='bbox 1184 1785 1334 1845; x_wconf 81' lang='lat' dir='ltr'>sirmondi</span> <span class='ocrx_word' id='word_1_260' title='bbox 1353 1786 1494 1846; x_wconf 88' lang='lat' dir='ltr'>Conciliis</span> <span class='ocrx_word' id='word_1_261' title='bbox 1509 1787 1622 1849; x_wconf 87' lang='lat' dir='ltr'>Galliae</span> 
     </span>
     <span class='ocr_line' id='line_1_30' title="bbox 901 1871 1623 1958; baseline 0.017 -28"><span class='ocrx_word' id='word_1_262' title='bbox 901 1871 983 1932; x_wconf 87' lang='lat' dir='ltr'>Tom.</span> <span class='ocrx_word' id='word_1_263' title='bbox 1012 1874 1033 1934; x_wconf 94' lang='lat' dir='ltr'>l.</span> <span class='ocrx_word' id='word_1_264' title='bbox 1062 1893 1130 1954; x_wconf 91' lang='lat' dir='ltr'>pag.</span> <span class='ocrx_word' id='word_1_265' title='bbox 1153 1879 1220 1938; x_wconf 88' lang='grc'><strong>166.</strong></span> <span class='ocrx_word' id='word_1_266' title='bbox 1239 1877 1374 1958; x_wconf 85' lang='lat' dir='ltr'>Epistola</span> <span class='ocrx_word' id='word_1_267' title='bbox 1398 1877 1440 1939; x_wconf 88' lang='lat' dir='ltr'>ad</span> <span class='ocrx_word' id='word_1_268' title='bbox 1467 1877 1623 1942; x_wconf 74' lang='lat' dir='ltr'>Sidonium</span> 
     </span>
     <span class='ocr_line' id='line_1_31' title="bbox 900 1967 1619 2052; baseline 0.017 -30"><span class='ocrx_word' id='word_1_269' title='bbox 900 1967 1022 2044; x_wconf 88' lang='lat' dir='ltr'>vulgata</span> <span class='ocrx_word' id='word_1_270' title='bbox 1048 1985 1064 2028; x_wconf 95' lang='lat' dir='ltr'>a</span> <span class='ocrx_word' id='word_1_271' title='bbox 1094 1971 1238 2033; x_wconf 84' lang='lat' dir='ltr'>Dacherio</span> <span class='ocrx_word' id='word_1_272' title='bbox 1266 1975 1299 2032; x_wconf 88' lang='grc' dir='ltr'><strong>Τ.</strong></span> <span class='ocrx_word' id='word_1_273' title='bbox 1328 1973 1361 2032; x_wconf 95' lang='grc'><strong>4.</strong></span> <span class='ocrx_word' id='word_1_274' title='bbox 1390 1972 1522 2051; x_wconf 84' lang='lat' dir='ltr'>spicileg.</span> <span class='ocrx_word' id='word_1_275' title='bbox 1556 1990 1619 2052; x_wconf 85' lang='lat' dir='ltr'>pag.</span> 
     </span>
     <span class='ocr_line' id='line_1_32' title="bbox 899 2061 1624 2144; baseline 0.003 -22"><span class='ocrx_word' id='word_1_276' title='bbox 899 2061 966 2122; x_wconf 84' lang='grc'><strong>579.</strong></span> <span class='ocrx_word' id='word_1_277' title='bbox 980 2063 1062 2138; x_wconf 82' lang='lat' dir='ltr'>(edit.</span> <span class='ocrx_word' id='word_1_278' title='bbox 1074 2080 1169 2126; x_wconf 87' lang='lat' dir='ltr'>novae</span> <span class='ocrx_word' id='word_1_279' title='bbox 1181 2071 1201 2124; x_wconf 90' lang='grc'><strong>4.</strong></span> <span class='ocrx_word' id='word_1_280' title='bbox 1217 2068 1244 2127; x_wconf 85' lang='grc'><strong>3.</strong></span> <span class='ocrx_word' id='word_1_281' title='bbox 1256 2084 1321 2144; x_wconf 85' lang='lat' dir='ltr'>pag.</span> <span class='ocrx_word' id='word_1_282' title='bbox 1335 2067 1414 2139; x_wconf 80' lang='grc'><strong>306.)</strong></span> <span class='ocrx_word' id='word_1_283' title='bbox 1426 2084 1485 2143; x_wconf 89' lang='grc'><strong>666</strong></span> <span class='ocrx_word' id='word_1_284' title='bbox 1500 2065 1540 2126; x_wconf 89' lang='grc'><strong>4444</strong></span> <span class='ocrx_word' id='word_1_285' title='bbox 1553 2067 1624 2144; x_wconf 91' lang='lat' dir='ltr'>Epi-</span> 
     </span>
     <span class='ocr_line' id='line_1_33' title="bbox 899 2157 1617 2238; baseline 0.003 -25"><span class='ocrx_word' id='word_1_286' title='bbox 899 2163 1054 2234; x_wconf 89' lang='lat' dir='ltr'>scopatum</span> <span class='ocrx_word' id='word_1_287' title='bbox 1069 2158 1294 2220; x_wconf 74' lang='lat' dir='ltr'>arvernensem</span> <span class='ocrx_word' id='word_1_288' title='bbox 1308 2160 1343 2219; x_wconf 90' lang='grc'><strong>6.</strong></span> <span class='ocrx_word' id='word_1_289' title='bbox 1355 2157 1423 2218; x_wconf 86' lang='grc'><strong>476.</strong></span> <span class='ocrx_word' id='word_1_290' title='bbox 1438 2159 1617 2238; x_wconf 89' lang='lat' dir='ltr'>gratulatur.</span> 
     </span>
     <span class='ocr_line' id='line_1_34' title="bbox 938 2248 1618 2328; baseline 0.001 -21"><span class='ocrx_word' id='word_1_291' title='bbox 938 2248 983 2308; x_wconf 91' lang='grc'><strong>66</strong></span> <span class='ocrx_word' id='word_1_292' title='bbox 1006 2248 1131 2310; x_wconf 87' lang='grc'><strong>44444444</strong></span> <span class='ocrx_word' id='word_1_293' title='bbox 1152 2249 1301 2311; x_wconf 79' lang='lat' dir='ltr'>Valentius</span> <span class='ocrx_word' id='word_1_294' title='bbox 1322 2253 1442 2328; x_wconf 83' lang='lat' dir='ltr'>Regem,</span> <span class='ocrx_word' id='word_1_295' title='bbox 1456 2249 1618 2310; x_wconf 80' lang='lat' dir='ltr'>Alexandri</span> 
     </span>
     <span class='ocr_line' id='line_1_35' title="bbox 896 2341 1620 2422; baseline 0.004 -22"><span class='ocrx_word' id='word_1_296' title='bbox 896 2341 944 2400; x_wconf 91' lang='lat' dir='ltr'>iii.</span> <span class='ocrx_word' id='word_1_297' title='bbox 968 2343 1119 2403; x_wconf 85' lang='grc'><strong>4664446646</strong></span> <span class='ocrx_word' id='word_1_298' title='bbox 1139 2345 1402 2422; x_wconf 74' lang='grc'><strong>464646166661664</strong></span> <span class='ocrx_word' id='word_1_299' title='bbox 1419 2344 1564 2405; x_wconf 85' lang='lat' dir='ltr'>iladulius</span> <span class='ocrx_word' id='word_1_300' title='bbox 1581 2343 1620 2403; x_wconf 89' lang='lat' dir='ltr'><strong>de</strong></span> 
     </span>
     <span class='ocr_line' id='line_1_36' title="bbox 895 2434 1599 2500; baseline 0 -6"><span class='ocrx_word' id='word_1_301' title='bbox 895 2435 997 2496; x_wconf 90' lang='lat' dir='ltr'>Diceio</span> <span class='ocrx_word' id='word_1_302' title='bbox 1014 2438 1042 2496; x_wconf 92' lang='lat' dir='ltr'><strong>in</strong></span> <span class='ocrx_word' id='word_1_303' title='bbox 1061 2437 1207 2498; x_wconf 86' lang='lat' dir='ltr'>chronico</span> <span class='ocrx_word' id='word_1_304' title='bbox 1228 2437 1266 2498; x_wconf 92' lang='grc'><strong>66</strong></span> <span class='ocrx_word' id='word_1_305' title='bbox 1284 2437 1329 2499; x_wconf 83' lang='lat' dir='ltr'><strong>An</strong></span> <span class='ocrx_word' id='word_1_306' title='bbox 1350 2435 1439 2500; x_wconf 87' lang='grc'><strong>4174.</strong></span> <span class='ocrx_word' id='word_1_307' title='bbox 1457 2442 1488 2496; x_wconf 88' lang='grc'><strong>64</strong></span> <span class='ocrx_word' id='word_1_308' title='bbox 1510 2434 1599 2498; x_wconf 79' lang='lat' dir='ltr'>iiis.</span> 
     </span>
    </p>
   </div>
   <div class='ocr_carea' id='block_1_12' title="bbox 171 2528 1621 2608">
    <p class='ocr_par' dir='ltr' id='par_1_12' title="bbox 171 2528 1621 2608">
     <span class='ocr_line' id='line_1_37' title="bbox 171 2528 1621 2608; baseline -0.004 -14"><span class='ocrx_word' id='word_1_309' title='bbox 171 2535 342 2594; x_wconf 86' lang='lat' dir='ltr'>Sermonem</span> <span class='ocrx_word' id='word_1_310' title='bbox 375 2535 459 2593; x_wconf 90' lang='grc'><strong>44444</strong></span> <span class='ocrx_word' id='word_1_311' title='bbox 490 2531 557 2608; x_wconf 89' lang='grc'><strong>(666</strong></span> <span class='ocrx_word' id='word_1_312' title='bbox 589 2537 671 2591; x_wconf 87' lang='grc'><strong>66646</strong></span> <span class='ocrx_word' id='word_1_313' title='bbox 699 2529 845 2607; x_wconf 87' lang='lat' dir='ltr'>junioris,</span> <span class='ocrx_word' id='word_1_314' title='bbox 941 2528 1070 2590; x_wconf 74' lang='lat' dir='ltr'>cineras</span> <span class='ocrx_word' id='word_1_315' title='bbox 1091 2529 1127 2590; x_wconf 89' lang='lat' dir='ltr'><strong>de</strong></span> <span class='ocrx_word' id='word_1_316' title='bbox 1150 2532 1277 2606; x_wconf 81' lang='grc'><strong>4444446,</strong></span> <span class='ocrx_word' id='word_1_317' title='bbox 1300 2529 1326 2597; x_wconf 87' lang='grc'><strong>64</strong></span> <span class='ocrx_word' id='word_1_318' title='bbox 1345 2536 1374 2590; x_wconf 90' lang='grc'><strong>64</strong></span> <span class='ocrx_word' id='word_1_319' title='bbox 1390 2528 1621 2602; x_wconf 76' lang='grc' dir='ltr'><strong>Μ666666,444·</strong></span> 
     </span>
    </p>
   </div>
   <div class='ocr_carea' id='block_1_13' title="bbox 12 2575 1624 2990">
    <p class='ocr_par' dir='ltr' id='par_1_13' title="bbox 12 2575 1624 2990">
     <span class='ocr_line' id='line_1_38' title="bbox 12 2575 25 2615; baseline 0 -1"><span class='ocrx_word' id='word_1_320' title='bbox 12 2575 25 2615; x_wconf 81' lang='lat' dir='ltr'>a</span> 
     </span>
     <span class='ocr_line' id='line_1_39' title="bbox 21 2621 1622 2712; baseline -0.006 -24"><span class='ocrx_word' id='word_1_321' title='bbox 21 2683 25 2709; x_wconf 57' lang='lat'>,</span> <span class='ocrx_word' id='word_1_322' title='bbox 127 2627 353 2712; x_wconf 76' lang='lat' dir='ltr'>wbtismiiii</span> <span class='ocrx_word' id='word_1_323' title='bbox 373 2627 472 2686; x_wconf 90' lang='lat' dir='ltr'>iorsan</span> <span class='ocrx_word' id='word_1_324' title='bbox 494 2625 575 2702; x_wconf 80' lang='lat' dir='ltr'>aide</span> <span class='ocrx_word' id='word_1_325' title='bbox 597 2641 656 2702; x_wconf 93' lang='lat' dir='ltr'><strong>qun</strong></span> <span class='ocrx_word' id='word_1_326' title='bbox 679 2624 774 2695; x_wconf 89' lang='lat' dir='ltr'>inira,</span> <span class='ocrx_word' id='word_1_327' title='bbox 797 2623 847 2682; x_wconf 83' lang='grc'><strong>,66-</strong></span> <span class='ocrx_word' id='word_1_328' title='bbox 902 2621 947 2680; x_wconf 88' lang='grc'><strong>466</strong></span> <span class='ocrx_word' id='word_1_329' title='bbox 978 2622 1202 2683; x_wconf 84' lang='lat' dir='ltr'>calairaveusis</span> <span class='ocrx_word' id='word_1_330' title='bbox 1235 2625 1263 2682; x_wconf 92' lang='lat' dir='ltr'><strong>in</strong></span> <span class='ocrx_word' id='word_1_331' title='bbox 1286 2621 1566 2700; x_wconf 86' lang='lat' dir='ltr'>Hispania,Jncnbi</span> <span class='ocrx_word' id='word_1_332' title='bbox 1585 2621 1622 2680; x_wconf 93' lang='lat' dir='ltr'>ll.</span> 
     </span>
     <span class='ocr_line' id='line_1_40' title="bbox 17 2714 1623 2802; baseline -0.003 -21"><span class='ocrx_word' id='word_1_333' title='bbox 17 2761 32 2802; x_wconf 56' lang='lat'>3</span> <span class='ocrx_word' id='word_1_334' title='bbox 127 2720 226 2798; x_wconf 91' lang='lat' dir='ltr'>ohiep.</span> <span class='ocrx_word' id='word_1_335' title='bbox 243 2719 441 2780; x_wconf 86' lang='lat' dir='ltr'>Eboracensis</span> <span class='ocrx_word' id='word_1_336' title='bbox 462 2725 493 2778; x_wconf 90' lang='grc'><strong>64</strong></span> <span class='ocrx_word' id='word_1_337' title='bbox 514 2720 652 2796; x_wconf 89' lang='lat' dir='ltr'>Episcopi</span> <span class='ocrx_word' id='word_1_338' title='bbox 671 2718 847 2796; x_wconf 74' lang='grc'><strong>446666466-</strong></span> <span class='ocrx_word' id='word_1_339' title='bbox 902 2715 1084 2793; x_wconf 85' lang='lat' dir='ltr'>Aragonaiae</span> <span class='ocrx_word' id='word_1_340' title='bbox 1106 2722 1137 2776; x_wconf 87' lang='grc'><strong>64</strong></span> <span class='ocrx_word' id='word_1_341' title='bbox 1158 2717 1312 2776; x_wconf 73' lang='lat' dir='ltr'>Valentino</span> <span class='ocrx_word' id='word_1_342' title='bbox 1331 2718 1417 2793; x_wconf 81' lang='lat' dir='ltr'>Regis</span> <span class='ocrx_word' id='word_1_343' title='bbox 1426 2714 1516 2791; x_wconf 88' lang='lat' dir='ltr'>jussu</span> <span class='ocrx_word' id='word_1_344' title='bbox 1528 2722 1558 2774; x_wconf 90' lang='lat' dir='ltr'><strong>et</strong></span> <span class='ocrx_word' id='word_1_345' title='bbox 1570 2731 1623 2776; x_wconf 88' lang='lat' dir='ltr'><strong>au·</strong></span> 
     </span>
     <span class='ocr_line' id='line_1_41' title="bbox 13 2807 1624 2900; baseline -0.006 -27"><span class='ocrx_word' id='word_1_346' title='bbox 13 2839 32 2900; x_wconf 59' lang='lat'><strong>,2</strong></span> <span class='ocrx_word' id='word_1_347' title='bbox 128 2815 190 2888; x_wconf 88' lang='grc'><strong>646,</strong></span> <span class='ocrx_word' id='word_1_348' title='bbox 206 2830 299 2892; x_wconf 84' lang='lat' dir='ltr'>super</span> <span class='ocrx_word' id='word_1_349' title='bbox 313 2813 438 2874; x_wconf 81' lang='lat' dir='ltr'>incursu</span> <span class='ocrx_word' id='word_1_350' title='bbox 456 2813 605 2871; x_wconf 86' lang='lat' dir='ltr'>Dacorum</span> <span class='ocrx_word' id='word_1_351' title='bbox 619 2815 684 2872; x_wconf 88' lang='lat' dir='ltr'>sive</span> <span class='ocrx_word' id='word_1_352' title='bbox 696 2815 846 2872; x_wconf 88' lang='lat' dir='ltr'>Dunornm</span> <span class='ocrx_word' id='word_1_353' title='bbox 903 2811 1004 2886; x_wconf 89' lang='lat' dir='ltr'>spiciis</span> <span class='ocrx_word' id='word_1_354' title='bbox 1025 2812 1102 2870; x_wconf 89' lang='lat' dir='ltr'>circa</span> <span class='ocrx_word' id='word_1_355' title='bbox 1125 2809 1182 2870; x_wconf 87' lang='grc'><strong>66.</strong></span> <span class='ocrx_word' id='word_1_356' title='bbox 1205 2808 1291 2870; x_wconf 83' lang='grc'><strong>1640.</strong></span> <span class='ocrx_word' id='word_1_357' title='bbox 1314 2811 1504 2886; x_wconf 86' lang='lat' dir='ltr'>consignavit</span> <span class='ocrx_word' id='word_1_358' title='bbox 1546 2807 1624 2868; x_wconf 89' lang='lat' dir='ltr'>Con-</span> 
     </span>
     <span class='ocr_line' id='line_1_42' title="bbox 13 2899 1623 2990; baseline -0.006 -23"><span class='ocrx_word' id='word_1_359' title='bbox 13 2977 26 2990; x_wconf 20' lang='lat'>„</span> <span class='ocrx_word' id='word_1_360' title='bbox 130 2907 187 2966; x_wconf 86' lang='grc'><strong>66.</strong></span> <span class='ocrx_word' id='word_1_361' title='bbox 207 2905 295 2968; x_wconf 84' lang='grc'><strong>1094.</strong></span> <span class='ocrx_word' id='word_1_362' title='bbox 310 2904 404 2965; x_wconf 89' lang='grc'><strong>664644</strong></span> <span class='ocrx_word' id='word_1_363' title='bbox 423 2905 519 2983; x_wconf 81' lang='lat' dir='ltr'>Anglo</span> <span class='ocrx_word' id='word_1_364' title='bbox 533 2906 679 2965; x_wconf 81' lang='grc'><strong>86666466</strong></span> <span class='ocrx_word' id='word_1_365' title='bbox 697 2911 728 2964; x_wconf 89' lang='grc'><strong>64</strong></span> <span class='ocrx_word' id='word_1_366' title='bbox 746 2907 848 2964; x_wconf 87' lang='grc'><strong>464466</strong></span> <span class='ocrx_word' id='word_1_367' title='bbox 902 2901 1068 2962; x_wconf 85' lang='lat' dir='ltr'>stitutiones</span> <span class='ocrx_word' id='word_1_368' title='bbox 1089 2901 1217 2962; x_wconf 84' lang='lat' dir='ltr'>Militum</span> <span class='ocrx_word' id='word_1_369' title='bbox 1240 2900 1492 2973; x_wconf 83' lang='lat' dir='ltr'>Montesioe,sive</span> <span class='ocrx_word' id='word_1_370' title='bbox 1506 2900 1537 2959; x_wconf 90' lang='lat' dir='ltr'>S.</span> <span class='ocrx_word' id='word_1_371' title='bbox 1554 2899 1623 2959; x_wconf 85' lang='lat' dir='ltr'>Ma·</span> 
     </span>
    </p>
   </div>
   <div class='ocr_carea' id='block_1_14' title="bbox 14 3091 848 3170">
    <p class='ocr_par' dir='ltr' id='par_1_14' title="bbox 14 3091 848 3170">
     <span class='ocr_line' id='line_1_43' title="bbox 14 3091 848 3170; baseline -0.012 -13"><span class='ocrx_word' id='word_1_372' title='bbox 14 3095 16 3100; x_wconf 78' lang='grc'>’</span> <span class='ocrx_word' id='word_1_373' title='bbox 129 3095 148 3156; x_wconf 78' lang='grc'><strong>6</strong></span> <span class='ocrx_word' id='word_1_374' title='bbox 178 3095 312 3154; x_wconf 87' lang='lat' dir='ltr'>thesauri</span> <span class='ocrx_word' id='word_1_375' title='bbox 343 3091 598 3170; x_wconf 87' lang='lat' dir='ltr'>septemtrionalis</span> <span class='ocrx_word' id='word_1_376' title='bbox 630 3107 697 3170; x_wconf 86' lang='lat' dir='ltr'>pag.</span> <span class='ocrx_word' id='word_1_377' title='bbox 725 3091 848 3152; x_wconf 89' lang='grc'><strong>99-406.</strong></span> 
     </span>
    </p>
   </div>
   <div class='ocr_carea' id='block_1_15' title="bbox 128 2993 1626 3168">
    <p class='ocr_par' dir='ltr' id='par_1_15' title="bbox 128 2993 1626 3168">
     <span class='ocr_line' id='line_1_44' title="bbox 128 2993 1622 3078; baseline -0.007 -18"><span class='ocrx_word' id='word_1_378' title='bbox 128 3001 236 3078; x_wconf 91' lang='lat' dir='ltr'>Georg.</span> <span class='ocrx_word' id='word_1_379' title='bbox 258 2999 413 3060; x_wconf 81' lang='lat' dir='ltr'>liiclresius</span> <span class='ocrx_word' id='word_1_380' title='bbox 435 2999 465 3056; x_wconf 91' lang='lat' dir='ltr'><strong>in</strong></span> <span class='ocrx_word' id='word_1_381' title='bbox 488 2997 560 3057; x_wconf 89' lang='lat' dir='ltr'>diss.</span> <span class='ocrx_word' id='word_1_382' title='bbox 584 2998 743 3075; x_wconf 86' lang='lat' dir='ltr'>Epistolari</span> <span class='ocrx_word' id='word_1_383' title='bbox 763 2999 846 3057; x_wconf 89' lang='lat' dir='ltr'>Tom.</span> <span class='ocrx_word' id='word_1_384' title='bbox 902 2994 969 3055; x_wconf 85' lang='lat' dir='ltr'>riae</span> <span class='ocrx_word' id='word_1_385' title='bbox 990 2995 1025 3055; x_wconf 92' lang='lat' dir='ltr'><strong>de</strong></span> <span class='ocrx_word' id='word_1_386' title='bbox 1046 2998 1178 3056; x_wconf 84' lang='lat' dir='ltr'>Mentesa</span> <span class='ocrx_word' id='word_1_387' title='bbox 1199 2999 1228 3056; x_wconf 90' lang='grc'><strong>46</strong></span> <span class='ocrx_word' id='word_1_388' title='bbox 1251 3013 1342 3075; x_wconf 88' lang='lat' dir='ltr'>regno</span> <span class='ocrx_word' id='word_1_389' title='bbox 1374 2995 1526 3054; x_wconf 82' lang='lat' dir='ltr'>valentiae</span> <span class='ocrx_word' id='word_1_390' title='bbox 1550 2993 1622 3054; x_wconf 90' lang='grc'><strong>066.</strong></span> 
     </span>
     <span class='ocr_line' id='line_1_45' title="bbox 904 3087 1626 3168; baseline -0.01 -17"><span class='ocrx_word' id='word_1_391' title='bbox 904 3091 1028 3151; x_wconf 86' lang='lat' dir='ltr'>cisterc.</span> <span class='ocrx_word' id='word_1_392' title='bbox 1041 3108 1199 3168; x_wconf 88' lang='lat' dir='ltr'>quaecum</span> <span class='ocrx_word' id='word_1_393' title='bbox 1211 3091 1277 3150; x_wconf 89' lang='lat' dir='ltr'>aliis</span> <span class='ocrx_word' id='word_1_394' title='bbox 1290 3088 1438 3167; x_wconf 88' lang='lat' dir='ltr'>ejusmodi</span> <span class='ocrx_word' id='word_1_395' title='bbox 1454 3087 1626 3148; x_wconf 87' lang='lat' dir='ltr'>biiliiarium</span> 
     </span>
    </p>
   </div>
   <div class='ocr_carea' id='block_1_16' title="bbox 129 3179 1625 3262">
    <p class='ocr_par' dir='ltr' id='par_1_16' title="bbox 129 3179 1625 3262">
     <span class='ocr_line' id='line_1_46' title="bbox 129 3179 1625 3262; baseline -0.005 -16"><span class='ocrx_word' id='word_1_396' title='bbox 129 3187 333 3246; x_wconf 84' lang='lat' dir='ltr'>Oron.i703.</span> <span class='ocrx_word' id='word_1_397' title='bbox 356 3187 405 3247; x_wconf 91' lang='lat' dir='ltr'>iol.</span> <span class='ocrx_word' id='word_1_398' title='bbox 427 3191 458 3243; x_wconf 91' lang='grc'><strong>64</strong></span> <span class='ocrx_word' id='word_1_399' title='bbox 480 3183 617 3244; x_wconf 76' lang='lat' dir='ltr'>Alterum</span> <span class='ocrx_word' id='word_1_400' title='bbox 640 3183 671 3242; x_wconf 84' lang='lat' dir='ltr'><strong>in</strong></span> <span class='ocrx_word' id='word_1_401' title='bbox 691 3181 800 3262; x_wconf 80' lang='lat' dir='ltr'>fesium</span> <span class='ocrx_word' id='word_1_402' title='bbox 817 3184 848 3244; x_wconf 84' lang='lat' dir='ltr'><strong>S-</strong></span> <span class='ocrx_word' id='word_1_403' title='bbox 904 3182 1050 3245; x_wconf 90' lang='lat' dir='ltr'>Ordinum</span> <span class='ocrx_word' id='word_1_404' title='bbox 1089 3183 1363 3245; x_wconf 81' lang='lat' dir='ltr'>constitutionibus</span> <span class='ocrx_word' id='word_1_405' title='bbox 1394 3189 1426 3240; x_wconf 90' lang='grc'><strong>64</strong></span> <span class='ocrx_word' id='word_1_406' title='bbox 1459 3179 1625 3256; x_wconf 88' lang='lat' dir='ltr'>Privilegiis</span> 
     </span>
    </p>
   </div>
   <div class='ocr_carea' id='block_1_17' title="bbox 903 1658 1757 1768">
    <p class='ocr_par' dir='ltr' id='par_1_17' title="bbox 903 1658 1757 1768">
     <span class='ocr_line' id='line_1_47' title="bbox 903 1658 1757 1768; baseline 0.019 -25"><span class='ocrx_word' id='word_1_407' title='bbox 903 1685 1011 1745; x_wconf 73' lang='lat' dir='ltr'>raone</span> <span class='ocrx_word' id='word_1_408' title='bbox 1039 1689 1071 1746; x_wconf 90' lang='lat' dir='ltr'><strong>r.</strong></span> <span class='ocrx_word' id='word_1_409' title='bbox 1103 1689 1129 1747; x_wconf 83' lang='lat' dir='ltr'><strong>i.</strong></span> <span class='ocrx_word' id='word_1_410' title='bbox 1159 1708 1187 1768; x_wconf 82' lang='lat' dir='ltr'>p.</span> <span class='ocrx_word' id='word_1_411' title='bbox 1211 1692 1297 1753; x_wconf 81' lang='lat' dir='ltr'>lois.</span> <span class='ocrx_word' id='word_1_412' title='bbox 1321 1691 1468 1754; x_wconf 74' lang='grc'><strong>6666666</strong></span> <span class='ocrx_word' id='word_1_413' title='bbox 1490 1696 1574 1755; x_wconf 82' lang='lat' dir='ltr'>rom.</span> <span class='ocrx_word' id='word_1_414' title='bbox 1602 1697 1623 1756; x_wconf 82' lang='grc'><strong>6</strong></span> <span class='ocrx_word' id='word_1_415' title='bbox 1749 1658 1757 1674; x_wconf 84' lang='grc'><strong><em>’</em></strong></span> 
     </span>
    </p>
   </div>
   <div class='ocr_carea' id='block_1_18' title="bbox 127 3275 850 4284">
    <p class='ocr_par' dir='ltr' id='par_1_18' title="bbox 129 3275 849 3431">
     <span class='ocr_line' id='line_1_48' title="bbox 129 3275 849 3352; baseline 0.001 -18"><span class='ocrx_word' id='word_1_416' title='bbox 129 3276 234 3336; x_wconf 86' lang='grc'><strong>466664</strong></span> <span class='ocrx_word' id='word_1_417' title='bbox 248 3278 363 3338; x_wconf 89' lang='lat' dir='ltr'>lliStum</span> <span class='ocrx_word' id='word_1_418' title='bbox 387 3279 416 3337; x_wconf 89' lang='grc'><strong>46</strong></span> <span class='ocrx_word' id='word_1_419' title='bbox 439 3276 630 3336; x_wconf 82' lang='lat' dir='ltr'>bibliothecis</span> <span class='ocrx_word' id='word_1_420' title='bbox 652 3275 849 3352; x_wconf 71' lang='grc'><strong>6661466666-</strong></span> 
     </span>
     <span class='ocr_line' id='line_1_49' title="bbox 133 3370 545 3431; baseline -0.007 -3"><span class='ocrx_word' id='word_1_421' title='bbox 133 3375 214 3429; x_wconf 89' lang='lat' dir='ltr'>stare</span> <span class='ocrx_word' id='word_1_422' title='bbox 236 3370 356 3431; x_wconf 83' lang='lat' dir='ltr'>Cereus</span> <span class='ocrx_word' id='word_1_423' title='bbox 377 3371 545 3430; x_wconf 90' lang='lat' dir='ltr'>annotavit.</span> 
     </span>
    </p>

    <p class='ocr_par' dir='ltr' id='par_1_19' title="bbox 127 3461 850 4284">
     <span class='ocr_line' id='line_1_50' title="bbox 170 3461 850 3537; baseline -0.003 -14"><span class='ocrx_word' id='word_1_424' title='bbox 170 3464 202 3523; x_wconf 89' lang='lat' dir='ltr'><strong>S.</strong></span> <span class='ocrx_word' id='word_1_425' title='bbox 224 3463 354 3537; x_wconf 86' lang='lat' dir='ltr'>LUPUS,</span> <span class='ocrx_word' id='word_1_426' title='bbox 367 3463 514 3522; x_wconf 86' lang='lat' dir='ltr'>vincentii</span> <span class='ocrx_word' id='word_1_427' title='bbox 537 3462 702 3522; x_wconf 88' lang='lat' dir='ltr'>Lirinensis</span> <span class='ocrx_word' id='word_1_428' title='bbox 723 3461 850 3537; x_wconf 79' lang='lat' dir='ltr'>Presby-</span> 
     </span>
     <span class='ocr_line' id='line_1_51' title="bbox 128 3554 850 3635; baseline -0.004 -18"><span class='ocrx_word' id='word_1_429' title='bbox 128 3559 184 3617; x_wconf 88' lang='lat' dir='ltr'>teri</span> <span class='ocrx_word' id='word_1_430' title='bbox 209 3557 323 3630; x_wconf 88' lang='lat' dir='ltr'>iraier,</span> <span class='ocrx_word' id='word_1_431' title='bbox 344 3557 512 3635; x_wconf 88' lang='lat' dir='ltr'>Episcopus</span> <span class='ocrx_word' id='word_1_432' title='bbox 534 3573 588 3632; x_wconf 87' lang='lat' dir='ltr'><strong>per</strong></span> <span class='ocrx_word' id='word_1_433' title='bbox 608 3571 704 3615; x_wconf 90' lang='lat' dir='ltr'>annos</span> <span class='ocrx_word' id='word_1_434' title='bbox 725 3554 802 3615; x_wconf 90' lang='lat' dir='ltr'>duos</span> <span class='ocrx_word' id='word_1_435' title='bbox 818 3561 850 3614; x_wconf 91' lang='grc'><strong>64</strong></span> 
     </span>
     <span class='ocr_line' id='line_1_52' title="bbox 129 3647 848 3729; baseline -0.007 -18"><span class='ocrx_word' id='word_1_436' title='bbox 129 3652 345 3729; x_wconf 88' lang='lat' dir='ltr'>quinquaginta</span> <span class='ocrx_word' id='word_1_437' title='bbox 368 3648 576 3723; x_wconf 81' lang='lat' dir='ltr'>Tricassibus,</span> <span class='ocrx_word' id='word_1_438' title='bbox 595 3650 661 3707; x_wconf 89' lang='lat' dir='ltr'>sive</span> <span class='ocrx_word' id='word_1_439' title='bbox 683 3647 848 3722; x_wconf 81' lang='lat' dir='ltr'>Treceuois,</span> 
     </span>
     <span class='ocr_line' id='line_1_53' title="bbox 129 3739 850 3818; baseline -0.008 -14"><span class='ocrx_word' id='word_1_440' title='bbox 129 3743 167 3804; x_wconf 94' lang='lat' dir='ltr'>ab</span> <span class='ocrx_word' id='word_1_441' title='bbox 196 3743 283 3803; x_wconf 87' lang='grc'><strong>6666</strong></span> <span class='ocrx_word' id='word_1_442' title='bbox 313 3743 381 3802; x_wconf 88' lang='grc'><strong>460.</strong></span> <span class='ocrx_word' id='word_1_443' title='bbox 403 3741 438 3802; x_wconf 89' lang='grc'><strong>66</strong></span> <span class='ocrx_word' id='word_1_444' title='bbox 462 3739 530 3802; x_wconf 86' lang='grc'><strong>479.</strong></span> <span class='ocrx_word' id='word_1_445' title='bbox 552 3743 602 3818; x_wconf 89' lang='grc'><strong>664</strong></span> <span class='ocrx_word' id='word_1_446' title='bbox 622 3756 689 3799; x_wconf 89' lang='lat' dir='ltr'><strong>eum</strong></span> <span class='ocrx_word' id='word_1_447' title='bbox 710 3741 743 3800; x_wconf 85' lang='lat' dir='ltr'>B.</span> <span class='ocrx_word' id='word_1_448' title='bbox 775 3740 850 3800; x_wconf 86' lang='lat' dir='ltr'>Ger·</span> 
     </span>
     <span class='ocr_line' id='line_1_54' title="bbox 127 3832 849 3914; baseline -0.004 -19"><span class='ocrx_word' id='word_1_449' title='bbox 127 3853 215 3896; x_wconf 87' lang='lat' dir='ltr'>muno</span> <span class='ocrx_word' id='word_1_450' title='bbox 227 3835 269 3894; x_wconf 86' lang='lat' dir='ltr'>ad</span> <span class='ocrx_word' id='word_1_451' title='bbox 281 3833 516 3914; x_wconf 66' lang='lat' dir='ltr'>obpugnandam</span> <span class='ocrx_word' id='word_1_452' title='bbox 532 3832 766 3910; x_wconf 75' lang='lat' dir='ltr'>Pelagianorum</span> <span class='ocrx_word' id='word_1_453' title='bbox 779 3833 849 3892; x_wconf 87' lang='lat' dir='ltr'>hoo·</span> 
     </span>
     <span class='ocr_line' id='line_1_55' title="bbox 127 3924 850 4005; baseline -0.01 -14"><span class='ocrx_word' id='word_1_454' title='bbox 127 3930 210 3991; x_wconf 85' lang='lat' dir='ltr'>resin</span> <span class='ocrx_word' id='word_1_455' title='bbox 231 3931 323 4005; x_wconf 88' lang='lat' dir='ltr'>(circa</span> <span class='ocrx_word' id='word_1_456' title='bbox 345 3928 401 3988; x_wconf 88' lang='grc'><strong>66.</strong></span> <span class='ocrx_word' id='word_1_457' title='bbox 426 3928 482 3986; x_wconf 88' lang='grc'><strong>469</strong></span> <span class='ocrx_word' id='word_1_458' title='bbox 500 3929 507 4001; x_wconf 83' lang='lat' dir='ltr'><strong>i</strong></span> <span class='ocrx_word' id='word_1_459' title='bbox 533 3925 563 3984; x_wconf 84' lang='lat' dir='ltr'><strong>in</strong></span> <span class='ocrx_word' id='word_1_460' title='bbox 577 3924 768 3985; x_wconf 82' lang='lat' dir='ltr'>Britanniam</span> <span class='ocrx_word' id='word_1_461' title='bbox 792 3929 850 4000; x_wconf 82' lang='lat' dir='ltr'>(at-</span> 
     </span>
     <span class='ocr_line' id='line_1_56' title="bbox 127 4017 849 4100; baseline -0.01 -16"><span class='ocrx_word' id='word_1_462' title='bbox 127 4041 187 4100; x_wconf 89' lang='lat' dir='ltr'><strong>que</strong></span> <span class='ocrx_word' id='word_1_463' title='bbox 210 4020 376 4083; x_wconf 72' lang='lat' dir='ltr'>iterumn.</span> <span class='ocrx_word' id='word_1_464' title='bbox 401 4017 468 4080; x_wconf 87' lang='grc'><strong>447.</strong></span> <span class='ocrx_word' id='word_1_465' title='bbox 491 4019 616 4080; x_wconf 88' lang='lat' dir='ltr'>cumS.</span> <span class='ocrx_word' id='word_1_466' title='bbox 638 4019 751 4078; x_wconf 89' lang='lat' dir='ltr'>Severo</span> <span class='ocrx_word' id='word_1_467' title='bbox 778 4021 849 4078; x_wconf 86' lang='lat' dir='ltr'>Tre-</span> 
     </span>
     <span class='ocr_line' id='line_1_57' title="bbox 129 4108 850 4192; baseline -0.009 -19"><span class='ocrx_word' id='word_1_468' title='bbox 129 4116 258 4190; x_wconf 87' lang='lat' dir='ltr'>virensi)</span> <span class='ocrx_word' id='word_1_469' title='bbox 272 4111 433 4192; x_wconf 76' lang='lat' dir='ltr'>perrexit,</span> <span class='ocrx_word' id='word_1_470' title='bbox 451 4108 615 4190; x_wconf 81' lang='lat' dir='ltr'>urbemque</span> <span class='ocrx_word' id='word_1_471' title='bbox 635 4110 744 4170; x_wconf 74' lang='lat' dir='ltr'>ibeeus</span> <span class='ocrx_word' id='word_1_472' title='bbox 760 4129 836 4172; x_wconf 89' lang='lat' dir='ltr'><strong>au</strong></span> <span class='ocrx_word' id='word_1_473' title='bbox 800 4109 850 4192; x_wconf 76' lang='lat' dir='ltr'>fu-</span> 
     </span>
     <span class='ocr_line' id='line_1_58' title="bbox 128 4201 849 4284; baseline -0.008 -14"><span class='ocrx_word' id='word_1_474' title='bbox 128 4205 475 4284; x_wconf 72' lang='lat' dir='ltr'>roreeiiiiiaeicircah.</span> <span class='ocrx_word' id='word_1_475' title='bbox 490 4206 556 4266; x_wconf 86' lang='grc'><strong>464.</strong></span> <span class='ocrx_word' id='word_1_476' title='bbox 562 4201 713 4280; x_wconf 81' lang='lat' dir='ltr'>icadioni</span> <span class='ocrx_word' id='word_1_477' title='bbox 736 4222 849 4264; x_wconf 76' lang='lat' dir='ltr'>omium</span> 
     </span>
    </p>
   </div>
   <div class='ocr_carea' id='block_1_19' title="bbox 174 4453 869 4536">
    <p class='ocr_par' dir='ltr' id='par_1_20' title="bbox 174 4453 869 4536">
     <span class='ocr_line' id='line_1_59' title="bbox 174 4453 869 4536; baseline -0.009 -12"><span class='ocrx_word' id='word_1_478' title='bbox 174 4477 202 4536; x_wconf 71' lang='lat' dir='ltr'>a)</span> <span class='ocrx_word' id='word_1_479' title='bbox 218 4475 279 4524; x_wconf 85' lang='lat' dir='ltr'>iildo</span> <span class='ocrx_word' id='word_1_480' title='bbox 296 4474 424 4526; x_wconf 84' lang='grc'><strong>4466616664</strong></span> <span class='ocrx_word' id='word_1_481' title='bbox 441 4453 544 4534; x_wconf 74' lang='grc'><strong>44664644</strong></span> <span class='ocrx_word' id='word_1_482' title='bbox 565 4473 711 4532; x_wconf 79' lang='lat' dir='ltr'>catalogum</span> <span class='ocrx_word' id='word_1_483' title='bbox 733 4469 869 4521; x_wconf 83' lang='lat' dir='ltr'>librorum.</span> 
     </span>
    </p>
   </div>
   <div class='ocr_carea' id='block_1_20' title="bbox 130 4547 853 4676">
    <p class='ocr_par' dir='ltr' id='par_1_21' title="bbox 130 4547 853 4676">
     <span class='ocr_line' id='line_1_60' title="bbox 130 4547 853 4611; baseline -0.008 -12"><span class='ocrx_word' id='word_1_484' title='bbox 130 4556 247 4601; x_wconf 82' lang='lat' dir='ltr'>vetemur</span> <span class='ocrx_word' id='word_1_485' title='bbox 263 4547 499 4611; x_wconf 83' lang='lat' dir='ltr'>septentrionalium</span> <span class='ocrx_word' id='word_1_486' title='bbox 516 4559 574 4609; x_wconf 78' lang='lat' dir='ltr'>pag.</span> <span class='ocrx_word' id='word_1_487' title='bbox 596 4549 647 4596; x_wconf 83' lang='lat' dir='ltr'>itii.</span> <span class='ocrx_word' id='word_1_488' title='bbox 667 4558 720 4608; x_wconf 79' lang='lat' dir='ltr'>seq.</span> <span class='ocrx_word' id='word_1_489' title='bbox 741 4547 767 4594; x_wconf 92' lang='lat' dir='ltr'><strong>in</strong></span> <span class='ocrx_word' id='word_1_490' title='bbox 784 4551 853 4594; x_wconf 88' lang='lat' dir='ltr'>tomo</span> 
     </span>
     <span class='ocr_line' id='line_1_61' title="bbox 138 4624 546 4676; baseline -0.01 0"><span class='ocrx_word' id='word_1_491' title='bbox 138 4625 249 4676; x_wconf 85' lang='lat' dir='ltr'>secundo</span> <span class='ocrx_word' id='word_1_492' title='bbox 265 4624 375 4674; x_wconf 79' lang='lat' dir='ltr'>thesauri</span> <span class='ocrx_word' id='word_1_493' title='bbox 395 4625 546 4674; x_wconf 78' lang='lat' dir='ltr'>illeliuslani.</span> 
     </span>
    </p>
   </div>
   <div class='ocr_carea' id='block_1_21' title="bbox 903 3271 1624 4290">
    <p class='ocr_par' dir='ltr' id='par_1_22' title="bbox 903 3271 1610 3454">
     <span class='ocr_line' id='line_1_62' title="bbox 903 3271 1610 3338; baseline -0.007 -3"><span class='ocrx_word' id='word_1_494' title='bbox 903 3276 1024 3335; x_wconf 89' lang='lat' dir='ltr'>Ordinis</span> <span class='ocrx_word' id='word_1_495' title='bbox 1044 3278 1256 3338; x_wconf 85' lang='lat' dir='ltr'>Cistercionsis</span> <span class='ocrx_word' id='word_1_496' title='bbox 1277 3291 1407 3335; x_wconf 83' lang='lat' dir='ltr'>excusae</span> <span class='ocrx_word' id='word_1_497' title='bbox 1443 3279 1516 3334; x_wconf 90' lang='lat' dir='ltr'>suni</span> <span class='ocrx_word' id='word_1_498' title='bbox 1547 3271 1610 3332; x_wconf 88' lang='grc'><strong>664</strong></span> 
     </span>
     <span class='ocr_line' id='line_1_63' title="bbox 904 3371 1180 3454; baseline 0.011 -26"><span class='ocrx_word' id='word_1_499' title='bbox 904 3386 998 3446; x_wconf 83' lang='lat' dir='ltr'>werp.</span> <span class='ocrx_word' id='word_1_500' title='bbox 1022 3371 1180 3454; x_wconf 79' lang='grc'><strong>4630161.</strong></span> 
     </span>
    </p>

    <p class='ocr_par' dir='ltr' id='par_1_23' title="bbox 945 3461 1623 3542">
     <span class='ocr_line' id='line_1_64' title="bbox 945 3461 1623 3542; baseline -0.004 -20"><span class='ocrx_word' id='word_1_501' title='bbox 945 3461 1084 3542; x_wconf 61' lang='lat' dir='ltr'>[Epidius</span> <span class='ocrx_word' id='word_1_502' title='bbox 1098 3465 1296 3535; x_wconf 80' lang='lat' dir='ltr'>LUSCINUS,</span> <span class='ocrx_word' id='word_1_503' title='bbox 1312 3479 1402 3540; x_wconf 90' lang='lat' dir='ltr'>supra</span> <span class='ocrx_word' id='word_1_504' title='bbox 1417 3468 1488 3521; x_wconf 91' lang='lat' dir='ltr'>tom.</span> <span class='ocrx_word' id='word_1_505' title='bbox 1501 3462 1512 3522; x_wconf 90' lang='grc'><strong>1</strong></span> <span class='ocrx_word' id='word_1_506' title='bbox 1534 3479 1561 3540; x_wconf 95' lang='lat' dir='ltr'><strong>p.</strong></span> <span class='ocrx_word' id='word_1_507' title='bbox 1574 3461 1623 3520; x_wconf 84' lang='grc'><strong>66.</strong></span> 
     </span>
    </p>

    <p class='ocr_par' dir='ltr' id='par_1_24' title="bbox 905 3552 1624 3729">
     <span class='ocr_line' id='line_1_65' title="bbox 945 3552 1624 3634; baseline -0.003 -19"><span class='ocrx_word' id='word_1_508' title='bbox 945 3559 1074 3618; x_wconf 79' lang='lat' dir='ltr'>ioannes</span> <span class='ocrx_word' id='word_1_509' title='bbox 1096 3555 1131 3618; x_wconf 92' lang='lat' dir='ltr'><strong>de</strong></span> <span class='ocrx_word' id='word_1_510' title='bbox 1153 3556 1334 3618; x_wconf 81' lang='lat' dir='ltr'>LYDGATE</span> <span class='ocrx_word' id='word_1_511' title='bbox 1355 3573 1446 3634; x_wconf 90' lang='lat' dir='ltr'>supra</span> <span class='ocrx_word' id='word_1_512' title='bbox 1464 3555 1514 3614; x_wconf 88' lang='lat' dir='ltr'><strong>nbi</strong></span> <span class='ocrx_word' id='word_1_513' title='bbox 1527 3552 1624 3614; x_wconf 76' lang='lat' dir='ltr'>delo-</span> 
     </span>
     <span class='ocr_line' id='line_1_66' title="bbox 905 3649 1343 3729; baseline -0.007 -18"><span class='ocrx_word' id='word_1_514' title='bbox 905 3668 982 3711; x_wconf 89' lang='lat' dir='ltr'>anne</span> <span class='ocrx_word' id='word_1_515' title='bbox 1004 3651 1141 3727; x_wconf 79' lang='grc'><strong>666666,</strong></span> <span class='ocrx_word' id='word_1_516' title='bbox 1163 3667 1228 3729; x_wconf 89' lang='lat' dir='ltr'>pag.</span> <span class='ocrx_word' id='word_1_517' title='bbox 1252 3649 1343 3710; x_wconf 82' lang='grc'><strong>667..</strong></span> 
     </span>
    </p>

    <p class='ocr_par' dir='ltr' id='par_1_25' title="bbox 903 3741 1624 4290">
     <span class='ocr_line' id='line_1_67' title="bbox 944 3741 1619 3825; baseline -0.01 -20"><span class='ocrx_word' id='word_1_518' title='bbox 944 3744 1118 3825; x_wconf 81' lang='lat' dir='ltr'>liudulphus</span> <span class='ocrx_word' id='word_1_519' title='bbox 1139 3743 1174 3804; x_wconf 87' lang='lat' dir='ltr'><strong>de</strong></span> <span class='ocrx_word' id='word_1_520' title='bbox 1197 3743 1369 3818; x_wconf 86' lang='grc' dir='ltr'><strong>4444ΗΑ44,</strong></span> <span class='ocrx_word' id='word_1_521' title='bbox 1388 3741 1619 3802; x_wconf 81' lang='lat' dir='ltr'>Mathematicus</span> 
     </span>
     <span class='ocr_line' id='line_1_68' title="bbox 903 3835 1624 3915; baseline -0.011 -18"><span class='ocrx_word' id='word_1_522' title='bbox 903 3837 1019 3915; x_wconf 79' lang='lat' dir='ltr'>Anglus</span> <span class='ocrx_word' id='word_1_523' title='bbox 1041 3841 1119 3898; x_wconf 89' lang='lat' dir='ltr'>cirea</span> <span class='ocrx_word' id='word_1_524' title='bbox 1142 3838 1200 3896; x_wconf 87' lang='grc'><strong>66.</strong></span> <span class='ocrx_word' id='word_1_525' title='bbox 1222 3837 1309 3895; x_wconf 83' lang='grc'><strong>1656.</strong></span> <span class='ocrx_word' id='word_1_526' title='bbox 1328 3840 1433 3894; x_wconf 89' lang='grc'><strong>666466</strong></span> <span class='ocrx_word' id='word_1_527' title='bbox 1459 3835 1624 3910; x_wconf 82' lang='grc'><strong>666664446-</strong></span> 
     </span>
     <span class='ocr_line' id='line_1_69' title="bbox 903 3926 1622 4000; baseline -0.006 -12"><span class='ocrx_word' id='word_1_528' title='bbox 903 3932 951 3988; x_wconf 82' lang='lat' dir='ltr'><strong>nis</strong></span> <span class='ocrx_word' id='word_1_529' title='bbox 972 3929 1139 3991; x_wconf 81' lang='lat' dir='ltr'>calendarii</span> <span class='ocrx_word' id='word_1_530' title='bbox 1160 3927 1384 3995; x_wconf 88' lang='lat' dir='ltr'>Ecclesiastici,</span> <span class='ocrx_word' id='word_1_531' title='bbox 1406 3926 1473 3985; x_wconf 85' lang='lat' dir='ltr'>eive</span> <span class='ocrx_word' id='word_1_532' title='bbox 1494 3940 1622 4000; x_wconf 87' lang='lat' dir='ltr'>compu-</span> 
     </span>
     <span class='ocr_line' id='line_1_70' title="bbox 904 4017 1623 4094; baseline -0.01 -13"><span class='ocrx_word' id='word_1_533' title='bbox 904 4023 926 4081; x_wconf 91' lang='grc'><strong>44</strong></span> <span class='ocrx_word' id='word_1_534' title='bbox 949 4020 986 4080; x_wconf 90' lang='grc'><strong>66</strong></span> <span class='ocrx_word' id='word_1_535' title='bbox 1007 4021 1253 4082; x_wconf 90' lang='lat' dir='ltr'>embolismorum</span> <span class='ocrx_word' id='word_1_536' title='bbox 1276 4020 1408 4092; x_wconf 90' lang='lat' dir='ltr'>raiione,</span> <span class='ocrx_word' id='word_1_537' title='bbox 1431 4033 1522 4094; x_wconf 89' lang='lat' dir='ltr'>quem</span> <span class='ocrx_word' id='word_1_538' title='bbox 1544 4017 1623 4075; x_wconf 90' lang='lat' dir='ltr'>iuter</span> 
     </span>
     <span class='ocr_line' id='line_1_71' title="bbox 903 4095 1616 4193; baseline -0.013 -16"><span class='ocrx_word' id='word_1_539' title='bbox 903 4117 1017 4178; x_wconf 82' lang='lat' dir='ltr'>BEDAE</span> <span class='ocrx_word' id='word_1_540' title='bbox 1038 4114 1136 4193; x_wconf 87' lang='lat' dir='ltr'>Opera</span> <span class='ocrx_word' id='word_1_541' title='bbox 1156 4113 1271 4174; x_wconf 87' lang='lat' dir='ltr'>editum</span> <span class='ocrx_word' id='word_1_542' title='bbox 1293 4111 1355 4171; x_wconf 86' lang='lat' dir='ltr'>dixi</span> <span class='ocrx_word' id='word_1_543' title='bbox 1377 4095 1468 4188; x_wconf 86' lang='lat' dir='ltr'>supra</span> <span class='ocrx_word' id='word_1_544' title='bbox 1490 4115 1563 4169; x_wconf 91' lang='lat' dir='ltr'>tom.</span> <span class='ocrx_word' id='word_1_545' title='bbox 1588 4110 1616 4169; x_wconf 92' lang='lat' dir='ltr'><strong>i.</strong></span> 
     </span>
     <span class='ocr_line' id='line_1_72' title="bbox 904 4202 1621 4290; baseline -0.018 -17"><span class='ocrx_word' id='word_1_546' title='bbox 904 4227 970 4290; x_wconf 91' lang='lat' dir='ltr'>pag.</span> <span class='ocrx_word' id='word_1_547' title='bbox 994 4208 1061 4271; x_wconf 89' lang='grc'><strong>474.</strong></span> <span class='ocrx_word' id='word_1_548' title='bbox 1086 4206 1159 4270; x_wconf 90' lang='grc'><strong>4466</strong></span> <span class='ocrx_word' id='word_1_549' title='bbox 1179 4205 1332 4268; x_wconf 87' lang='grc'><strong>06646666</strong></span> <span class='ocrx_word' id='word_1_550' title='bbox 1353 4205 1465 4265; x_wconf 91' lang='lat' dir='ltr'>tom3.</span> <span class='ocrx_word' id='word_1_551' title='bbox 1489 4221 1516 4282; x_wconf 94' lang='lat' dir='ltr'>p.</span> <span class='ocrx_word' id='word_1_552' title='bbox 1550 4202 1621 4262; x_wconf 85' lang='grc'><strong>636.</strong></span> 
     </span>
    </p>
   </div>
   <div class='ocr_carea' id='block_1_22' title="bbox 909 4455 1627 4600">
    <p class='ocr_par' dir='ltr' id='par_1_26' title="bbox 909 4455 1627 4600">
     <span class='ocr_line' id='line_1_73' title="bbox 946 4455 1627 4586; baseline -0.01 -74"><span class='ocrx_word' id='word_1_553' title='bbox 946 4463 1086 4586; x_wconf 60' lang='grc'><strong>4614464646</strong></span> <span class='ocrx_word' id='word_1_554' title='bbox 1102 4463 1134 4512; x_wconf 84' lang='lat' dir='ltr'><strong>de</strong></span> <span class='ocrx_word' id='word_1_555' title='bbox 1162 4461 1246 4510; x_wconf 83' lang='grc'><strong>46646</strong></span> <span class='ocrx_word' id='word_1_556' title='bbox 1271 4457 1337 4521; x_wconf 89' lang='lat' dir='ltr'>apud</span> <span class='ocrx_word' id='word_1_557' title='bbox 1363 4459 1493 4508; x_wconf 88' lang='lat' dir='ltr'>oudinum</span> <span class='ocrx_word' id='word_1_558' title='bbox 1521 4461 1582 4506; x_wconf 86' lang='lat' dir='ltr'>tom.</span> <span class='ocrx_word' id='word_1_559' title='bbox 1610 4455 1627 4506; x_wconf 78' lang='grc'><strong>4</strong></span> 
     </span>
     <span class='ocr_line' id='line_1_74' title="bbox 909 4537 1041 4600; baseline -0.015 -13"><span class='ocrx_word' id='word_1_560' title='bbox 909 4548 965 4600; x_wconf 74' lang='lat' dir='ltr'>pag.</span> <span class='ocrx_word' id='word_1_561' title='bbox 1003 4537 1041 4586; x_wconf 87' lang='grc'><strong>7.</strong></span> 
     </span>
    </p>
   </div>
   <div class='ocr_carea' id='block_1_23' title="bbox 0 0 1808 5604">
    <p class='ocr_par' dir='ltr' id='par_1_27' title="bbox 0 0 1808 5604">
     <span class='ocr_line' id='line_1_75' title="bbox 0 0 1808 5604; baseline 0 0"><span class='ocrx_word' id='word_1_562' title='bbox 0 0 1808 5604; x_wconf 95' lang='lat' dir='ltr'><strong> </strong></span> 
     </span>
    </p>
   </div>
  </div>
 </body>
</html>
