3608 5604
691 61 1052 128 4444444444
1554 73 1614 138 ,444

132 169 268 234 bonatus
293 171 443 249 Fameas,
463 167 851 249 culusinterpretationem
906 169 963 246 eii,
982 167 1208 248 Thamallula,
1225 170 1310 232 44444
1326 173 1474 238 4444444444
1489 187 1519 240 44
1535 183 1618 244 44444.

135 266 295 326 Francisco
307 266 330 325 l.
341 265 452 326 Galliae
469 265 540 342 Regi
555 264 683 326 dicatam
701 264 795 326 habeo
812 281 851 324 444
907 282 963 326 nec
985 282 1043 325 non
1067 267 1100 324 44.
1112 264 1257 327 Dodwelli
1269 265 1341 328 diss.
1357 267 1394 330 de
1409 271 1471 350 ripa
1486 276 1578 352 striga
1593 278 1619 350 c)

133 357 266 418 editione
283 358 375 436 Lugd.
394 357 472 444 apud
490 357 534 419 lo.
553 357 590 418 da
608 359 744 420 Touroes
761 357 849 418 4563.
906 360 993 437 (quae
1024 359 1053 418 in
1075 357 1146 418 edit.
1169 359 1385 420 lactantii-an.
1408 363 1495 425 4683.
1518 368 1617 430 lucem

134 452 182 512 42.
199 468 269 512 cum
292 453 459 530 praemisso
476 468 611 513 errorum
634 450 780 512 lactantii
801 466 850 510 ca·
905 451 1043 524 viderat)
1059 467 1096 512 44
1111 450 1241 511 editione
1264 449 1358 512 Pauli
1376 453 1500 536 4444444.
1523 458 1620 521 Ultra.

133 544 242 622 talogo.
466 595 468 602 .
621 593 623 600 .
903 543 974 622 ject.
994 543 1081 606 4093.
1099 545 1129 604 8.
1146 543 1220 605 Vide
1235 543 1311 606 Acta
1331 546 1423 608 Erud.
1448 550 1529 612 illius
1547 556 1618 612 anni

175 637 390 714 Fragmentum
408 637 555 699 lactantii
581 634 617 696 de
640 635 849 701 4444444414-
905 655 972 716 pag.
995 637 1061 698 424.
1097 637 1170 698 llist.
1197 636 1252 700 des
1273 654 1421 718 ouvrages
1442 641 1479 703 de
1501 643 1620 705 Savans

135 726 213 790 dicio
235 730 372 808 vulgavit
390 731 530 792 Baluzius
552 735 571 788 4.
592 731 735 792 24444444.
752 748 781 814 p.
800 730 849 790 46.
906 731 994 792 4692.
1015 729 1096 792 Aodi
1116 747 1182 808 pag.
1205 731 1274 791 449.

173 823 202 882 2.
218 818 307 896 Liber
321 820 356 883 de
367 822 480 902 opificio
491 822 608 884 DElad
621 821 849 884 demetrianum
944 825 1020 886 Cum
1043 825 1123 883 notis
1140 821 1259 883 44444444
1273 821 1299 883 44
1316 825 1459 906 nourry,
1479 829 1618 890 moriacbi

132 931 203 976 cunr
219 915 341 976 scholiis
358 917 476 976 Erasini
490 915 591 976 editus
605 916 695 977 basil.
713 916 801 976 4529.
820 917 847 974 8.
903 916 1089 979 benedictini
1111 916 1151 990 d),
1163 918 1254 976 Paris.
1278 917 1375 993 4740,
1399 921 1427 978 8.
1450 923 1502 999 qui
1523 923 1618 984 44444-

130 1007 168 1068 ad
186 1009 299 1069 calcem
331 1008 440 1070 viduae
469 1008 562 1086 hujus
587 1008 787 1088 Christianae.
809 1010 848 1070 Et
905 1012 968 1096 rius
997 1027 1066 1072 cum
1089 1017 1120 1072 et
1142 1012 1171 1069 in
1194 1009 1250 1070 hac
1277 999 1408 1073 editione
1425 1020 1461 1073 et
1482 1015 1511 1074 in
1534 1024 1615 1077 tomo

129 1117 200 1162 cunr
218 1101 481 1163 observationibus
495 1103 540 1162 lo.
558 1099 702 1166 Willicliii
713 1102 847 1162 Francoi.
904 1101 1037 1163 secundo
1058 1102 1230 1182 Apparatus
1251 1103 1289 1166 ad
1311 1100 1526 1168 bibliothecam
1559 1127 1621 1170 ma-

129 1193 499 1272 adViadrumothrgent.
513 1193 591 1256 4542
618 1196 644 1254 8.
663 1193 765 1256 addito
777 1196 847 1274 ilip-
903 1199 1016 1256 44444444
1039 1197 1162 1258 Petrum
1184 1197 1257 1258 diss.
1276 1204 1362 1258 sexta
1380 1201 1471 1260 Paris.
1492 1201 1579 1263 4745.
1598 1202 1618 1263 4.

132 1288 262 1365 pacratis
280 1287 379 1348 libello
396 1286 433 1348 de
451 1288 617 1364 Genitore,
635 1287 786 1348 Willichio
804 1289 849 1348 in·
904 1288 986 1350 huon
1006 1288 1117 1349 librum
1139 1289 1310 1368 abjudicare
1329 1293 1504 1368 Lactantio,
1521 1300 1552 1354 ct
1571 1311 1622 1354 na-

129 1386 272 1458 tcrprete.
301 1380 546 1442 Commentarius
577 1379 710 1442 ineditus
739 1383 778 1442 44.
803 1383 849 1441 lo.
903 1383 964 1444 scio
985 1383 1034 1444 cui
1056 1385 1184 1446 Caecilio
1203 1385 1334 1444 tribuere
1354 1384 1460 1446 inisset
1481 1393 1620 1464 conatus,

129 1471 255 1534 Davidis
283 1473 440 1534 Sohreberi
460 1471 495 1532 ri
510 1468 660 1552 44444444
681 1472 754 1534 Bibl.
776 1473 850 1534 Ger·
903 1483 1081 1552 argumenta
1102 1475 1169 1554 ejus
1187 1493 1332 1556 perquam
1350 1478 1428 1539 levia
1445 1495 1535 1552 4444,
1553 1481 1619 1558 qui-

132 1566 275 1643 ntanique
297 1573 368 1626 tom.
387 1565 426 1628 23
444 1584 471 1645 p.
490 1567 548 1626 240
907 1567 964 1628 bus
985 1569 1131 1647 scriptum
1155 1568 1210 1630 hoc
1232 1572 1385 1632 Lactantio
1407 1572 1503 1631 voluit
1527 1574 1623 1650 eripe-

171 1659 219 1720 44
237 1657 368 1720 editione
388 1660 427 1720 ll.
448 1657 571 1738 Georgii
589 1656 663 1718 Lod.
687 1655 845 1732 Gallinam,
906 1677 957 1734 44,
975 1660 1077 1722 444444
1098 1663 1146 1722 vir
1166 1661 1319 1724 eruditiss.
1338 1663 1516 1724 4444444444
1541 1664 1620 1726 Veis·

130 1752 259 1812 illustris
277 1751 427 1812 Ruthenei
446 1753 685 1828 hectoris‚cnm
703 1754 767 1812 vita
795 1753 850 1812 La·
905 1751 1005 1814 444444
1035 1752 1065 1814 44
1098 1753 1191 1816 Crosa
1222 1757 1252 1814 in
1285 1753 1358 1814 diss·
1391 1757 1504 1818 inserta
1525 1759 1623 1819 Diario

131 1842 709 1921 44444444444444444444444444404444
723 1844 800 1908 4744
818 1847 848 1905 8.
906 1846 1033 1924 {tagensi
1056 1847 1208 1923 (Journal.
1230 1846 1380 1923 literaire)
1403 1855 1424 1906 4.
1449 1850 1515 1922 Vll,
1536 1868 1565 1928 p.
1588 1852 1614 1910 4.

170 1940 198 2000 3.
221 1936 310 1999 Liber
334 1937 370 2000 de
396 1935 543 1998 mortibus
556 1943 787 2017 persecutorum
807 1937 846 1999 ad
906 1944 937 1997 et
959 1937 1037 1998 044.
1058 1937 1233 2002 4444444444
1255 1941 1282 1998 in
1305 1940 1378 2000 libro
1400 1941 1437 2001 dc
1458 1942 1619 2007 Bibliothe-

130 2035 283 2094 Donatum
306 2032 537 2108 Coniessorem,
554 2030 685 2092 eundem
706 2033 732 2106 a)
749 2034 797 2092 oui
817 2033 850 2092 li·
906 2031 950 2090 cis
972 2031 1189 2096 Parisiensibus
1206 2030 1286 2092 edito
1304 2033 1473 2113 cantabrig.
1489 2035 1575 2098 4724.
1594 2038 1623 2098 8.

130 2125 221 2186 bruni
239 2123 277 2184 de
294 2125 335 2184 ira
352 2121 523 2184 dedicavit:
539 2125 567 2185 in
586 2124 710 2186 4444444
728 2125 851 2186 lloissa-
905 2139 971 2201 pag.
994 2123 1061 2184 487.
1084 2139 1147 2202 seq.
1169 2125 1203 2184 b.
1226 2124 1313 2184 lilioh.
1335 2126 1528 2188 Focrtsohius
1549 2128 1622 2191 diss.

130 2219 215 2280 cenat
236 2217 265 2294 4)
283 2218 414 2296 primunr
434 2219 578 2277 inventus
594 2235 612 2279 a
629 2218 781 2296 praeclaro
802 2217 850 2278 Vi·
906 2215 944 2276 de
958 2217 1114 2280 ,mortibus
1135 2225 1364 2300 persecutorum
1383 2221 1508 2280 loannis
1526 2225 1625 2302 Bapti-

133 2311 246 2372 roNic.
264 2308 395 2388 losepho
417 2310 557 2370 Foucalto
579 2309 851 2389 primumqueedi·
890 2311 969 2370 ,stae
1000 2311 1067 2369 444.
1102 2310 1188 2369 4709.
1212 2310 1239 2368 4.
1269 2310 1441 2390 Christoph.
1465 2313 1624 2393 Augustus

136 2410 188 2464 tus
210 2405 238 2462 in
258 2409 339 2482 tomo
356 2401 491 2463 secundo
508 2402 766 2464 miscellaneorum
789 2404 852 2464 Ste—
904 2403 1102 2462 Heumannus
1117 2401 1153 2462 ad
1170 2403 1364 2480 symposium
1377 2405 1542 2483 appendice
1553 2425 1618 2486 pag.

131 2494 229 2576 ploni
247 2493 372 2572 Baioarii
382 2497 476 2556 Paris.
491 2495 578 2558 4679.
594 2496 622 2554 8.
637 2502 729 2573 atque
743 2497 772 2555 in
789 2495 851 2556 edi·
905 2495 974 2556 248.
994 2502 1108 2572 seq..et
1126 2497 1154 2554 in
1172 2495 1257 2556 Actis
1274 2494 1366 2557 Erud.
1385 2514 1434 2558 an.
1453 2499 1505 2560 474
1515 2503 1540 2560 4.
1557 2518 1622 2579 pag.

131 2589 265 2650 tionibus
283 2589 428 2650 lactantii
442 2588 637 2650 recusushn.
654 2589 740 2650 4684.
761 2588 849 2651 4685.
911 2587 979 2648 470.
995 2603 1058 2664 seq.
1074 2587 1149 2648 4444
1163 2586 1342 2648 academiae
1356 2590 1468 2667 tuliae,
1484 2596 1624 2653 semestri

132 2682 222 2758 4098.
243 2688 274 2742 et
295 2680 383 2742 4745.
906 2681 956 2742 lv.
983 2695 1051 2759 pag.
1072 2681 1139 2740 200.
1161 2697 1225 2758 seq.
1248 2679 1351 2741 Crosio
1372 2682 1556 2760 respondere
1576 2703 1625 2745 co-

172 2773 286 2836 Deinda
308 2774 452 2853 vulgatus
474 2775 657 2853 separatim,
678 2774 850 2853 subjunctis
906 2777 1057 2833 44444444
1073 2771 1511 2835 NourriuslournaidesSav.
1531 2775 1617 2836 4746.

132 2858 218 2950 lictis
235 2870 400 2947 Perpetnae
417 2875 448 2928 ct
465 2863 636 2942 Felicitatis,
647 2866 743 2928 0444.
762 2867 849 2928 4680.
905 2862 973 2924 lun.
996 2881 1061 2942 pag.
1084 2865 1152 2923 698.
1173 2863 1313 2946 4444844
1332 2867 1372 2924 ita
1387 2869 1477 2926 ctiam
1496 2884 1619 2945 paucos,

134 2964 182 3024 42.
204 2979 273 3024 cum
293 2962 440 3024 brevibus
461 2961 583 3022 scholiis
602 2963 648 3021 lo.
668 2959 753 3034 Falli,
770 2962 849 3024 Ono·
907 2958 959 3034 qui
979 2975 1048 3020 curn
1068 2958 1132 3035 ipso
1150 2957 1277 3033 4444444,
1295 2959 1423 3035 reperiet
1433 2951 1443 3033 3
1461 2958 1531 3020 licet
1548 2975 1619 3022 sen-

133 3059 247 3116 niensis
262 3057 419 3134 Episcopi·¹
438 3061 469 3116 et
485 3071 555 3117 cum
575 3057 655 3116 nolis
671 3055 716 3114 lo.
732 3053 852 3116 Colum·
906 3052 1033 3110 tentiam
1056 3065 1142 3112 suam
1153 3051 1345 3128 persuaserit
1362 3051 1395 3110 D.
1414 3051 1526 3127 Pisidia,
1543 3054 1624 3118 Wal-

133 3146 165 3208 44
173 3148 212 3210 44
223 3150 370 3210 illustrem
383 3147 737 3226 virumdisbdupcrum
751 3148 850 3208 Abone
906 3142 1053 3221 chioque,
1074 3149 1165 3222 atque
1196 3143 1363 3204 editoribus
1383 3161 1507 3222 operum
1530 3148 1620 3212 llenr.

12 3289 15 3296 .
131 3240 220 3304 4684.
242 3241 270 3300 8.
292 3239 367 3309 Acta
388 3239 480 3301 Erud.
504 3241 592 3302 4685.
614 3259 681 3320 pag.
702 3241 771 3303 585.
793 3243 850 3302 444-
907 3235 1013 3296 Norisii
1040 3242 1113 3296 tom.
1136 3237 1163 3296 4.
1186 3253 1251 3315 pag.
1274 3237 1321 3296 35.
1344 3253 1407 3314 seq.
1430 3238 1624 3300 Emendatio-

135 3331 205 3392 vell.
225 3333 309 3410 Reip.
333 3332 424 3392 litter.
445 3350 493 3394 an.
515 3333 603 3400 46844.
623 3351 689 3412 pag.
707 3334 776 3395 949.
796 3333 852 3396 4444
908 3345 964 3388 444
984 3328 1132 3407 quaedam
1155 3331 1190 3390 4).
1207 3328 1377 3408 christoph.
1394 3330 1526 3410 Augusti
1544 3335 1622 3394 44444-

134 3424 321 3499 Columbae,
342 3427 393 3502 qni
426 3424 551 3504 phrasin
583 3429 754 3505 praesentis
786 3428 851 3490 libri
910 3425 1011 3483 manni
1034 3423 1063 3482 in
1085 3428 1107 3484 t.
1130 3423 1158 3482 3.
1181 3421 1248 3500 ejus
1276 3423 1426 3502 poecilos,
1442 3424 1517 3486 libro
1537 3429 1564 3488 34
1594 3445 1622 3505 4.

132 3520 246 3600 passim
269 3518 539 3580 illustrateaaliis
558 3521 850 3600 Lactantiiseriptis,
907 3515 975 3576 364.
998 3531 1062 3594 seq.
1289 3593 1291 3598 Ι
1522 3583 1527 3590 ,

132 3615 190 3676 hoc
208 3614 272 3692 ipso
289 3613 404 3677 Nourrii
423 3614 694 3693 sententiamque
712 3621 850 3695 ereptum
947 3609 1058 3670 Gallice
1077 3611 1240 3689 interprete
1266 3609 1470 3686 Moiooracio,
1493 3613 1620 3683 ‚Canoni-

137 3705 293 3768 Lactantio
308 3704 390 3766 huno
405 3705 514 3766 librum
538 3705 618 3781 ibet,
636 3708 780 3768 refutavit
800 3725 852 3770 an·
906 3718 942 3762 co
953 3703 1102 3776 4444444444,
1114 3703 1301 3765 4444444677.
1314 3706 1401 3767 4680.
1414 3707 1462 3766 42.
1474 3707 1570 3768 444444.
1582 3707 1621 3768 44

130 3808 252 3877 tequam
271 3798 308 3858 ab
326 3798 375 3859 illo
393 3797 579 3880 proderetur.
910 3794 937 3855 la
949 3803 1026 3855 mort
1036 3793 1090 3856 des
1103 3806 1315 3874 persecuteurs
1329 3799 1435 3876 pardi.
1448 3799 1623 3860 linucror'e.

172 3893 250 3953 Cum
267 3891 347 3950 notis
361 3892 527 3962 variorum,
539 3889 678 3966 0444444,
693 3891 775 3952 iliad.
792 3893 852 3954 Cu·
951 3889 1074 3964 anglice
1093 3885 1225 3948 Gilderto
1242 3891 1392 3962 nurnero,
1404 3891 1552 3968 Episcopo
1571 3891 1626 3953 Sa·

59 3971 63 3978 ’
126 3984 218 4066 peri,
241 3978 395 4055 04444444,
420 3978 569 4060 ilperini,
591 3983 656 4043 Nic.
692 3984 851 4062 Tainardi,
914 3979 1112 4056 risburiensi,
1134 3981 1318 4059 interprete,
1338 3998 1408 4040 cum
1442 3981 1624 4058 praelatione

136 4083 186 4157 lex
208 4076 279 4138 edit.
302 4076 384 4138 Paris
407 4073 498 4136 4690.
514 4077 561 4152 llll
578 4077 626 4138 lo.
641 4077 745 4156 64444.
759 4079 853 4139 Grec·
909 4071 948 4132 de
964 4075 1183 4150 persecutionis
1196 4075 1304 4152 spiritu
1316 4074 1503 4136 Christianos
1517 4093 1623 4153 parum

174 4276 202 4336 4)
217 4275 300 4325 baius.
323 4274 356 4324 ad
371 4278 395 4330 s.
412 4278 564 4339 cyprianum
577 4289 635 4340 pag.
649 4278 687 4328 tu.
895 4285 965 4341 pag.
981 4272 1040 4321 470.
1064 4270 1128 4321 14444.
1155 4275 1280 4322 ancienne
1305 4278 1330 4322 44
1355 4271 1476 4322 moderna
1493 4275 1524 4324 de
1543 4276 1587 4324 444.
1605 4275 1628 4323 le

174 4349 204 4412 b)
226 4353 292 4400 44444.
311 4347 664 4413 441’4444444.1444414444
688 4355 852 4416 inscriptions
903 4351 974 4399 clerc
991 4355 1054 4398 tom.
1078 4347 1103 4398 4.
1131 4359 1190 4410 pag.
1214 4347 1269 4396 444.
1290 4351 1389 4409 44444444
1406 4346 1435 4396 44
1447 4347 1490 4397 444
1506 4349 1633 4400 4444444444

127 4433 190 4477 tom.
208 4425 232 4474 4.
251 4436 309 4488 pag.
324 4424 379 4474 604.
900 4426 945 4476 the
962 4424 1064 4475 4444444
1080 4435 1123 4475 an.
1142 4421 1293 4486 trio-sept.
1309 4434 1366 4486 pag.
1382 4419 1429 4472 442
1445 4427 1472 4472 44
1488 4420 1558 4472 illd.
1575 4424 1627 4476 4444.

178 4499 203 4560 e)
222 4497 375 4550 4444444444
401 4498 474 4559 44144,
489 4509 566 4564 atquc
582 4503 665 4565 clpam
680 4503 855 4557 banoblanorn
909 4512 968 4564 4444.
985 4499 1026 4550 44.
1045 4499 1115 4550 04444
1138 4494 1299 4556 doctissimus
1323 4500 1445 4547 4444444444
1466 4501 1572 4550 Parisiis
1596 4499 1628 4548 at

126 4573 194 4638 apud
211 4575 369 4634 laetantium
394 4573 583 4635 intelligendam
609 4587 663 4626 4444
689 4578 763 4627 docet
782 4581 809 4626 v.
827 4579 854 4628 c.
900 4577 984 4626 tlarttt
1003 4573 1062 4623 4724
1076 4581 1102 4625 et
1113 4574 1144 4624 77
1162 4575 1236 4623 natus
1251 4577 1351 4636 ttrppae
1370 4576 1396 4622 ln
1413 4576 1566 4624 normannia
1581 4587 1626 4626 on.

131 4651 221 4700 Petrus
233 4647 411 4710 wesselingtus
422 4647 454 4700 44
466 4652 514 4698 lter
525 4649 725 4701 Antoninianum
742 4663 768 4715 p.
783 4651 840 4702 247.
904 4651 975 4702 4647.
995 4650 1097 4701 4444444
1114 4650 1145 4700 44
1164 4653 1220 4712 ser.
1231 4647 1301 4699 4724.
1314 4647 1416 4700 octobr.
1431 4660 1488 4712 pag.
1500 4651 1557 4700 562.
1569 4663 1626 4714 444.
1707 4665 1712 4673 ·

174 4725 201 4782 d)
212 4725 344 4773 4444444444
353 4721 521 4775 otlttcrature
535 4731 596 4774 torn.
609 4724 631 4776 4.
644 4738 703 4789 pag.
717 4725 770 4776 444.
782 4729 855 4777 tlara.
904 4725 1083 4788 Uneoluldlpe
1094 4723 1274 4780 4444444444
1285 4735 1327 4776 444.
1342 4723 1415 4778 4724.
1423 4736 1480 4788 pag.
1487 4724 1548 4798 4405.

127 4797 159 4848 44
174 4796 417 4848 praeornatam
441 4811 498 4862 pag.
509 4799 532 4850 6.
548 4813 602 4863 444.
614 4805 676 4854 tota
691 4801 769 4856 arud.
783 4800 855 4854 4744.
