3562 5582
600 175 787 241 ttul'rfltss
815 175 997 239 VETERES

462 377 1142 524 vr'rauouusrrcn
1217 515 1220 520 ,

20 629 24 806 ι
109 657 500 768 Sirisesseeoenobite,
620 775 624 784 Ι

20 809 28 850 i
138 789 232 862 liujus
248 788 330 846 vitae
348 787 444 844 vitam
463 786 526 842 vita
542 821 561 856 ,-

137 873 173 931 llt
191 870 231 929 sis
250 887 284 930 re
304 869 515 948 pronomine.

136 955 219 1016 Tuae
234 955 344 1013 mentis
356 954 460 1012 sordes
481 950 593 1010 munda
608 992 615 1018 ,

136 1039 172 1100 Ut
189 1039 231 1098 sit
244 1037 337 1098 DEUS
356 1038 420 1096 laus
435 1035 570 1110 iucunde

20 1195 21 1206 χ
136 1125 170 1183 ln
189 1129 321 1197 utroque
340 1123 474 1182 bomine.

20 1217 22 1270 i
106 1208 188 1268 Solus
206 1207 300 1268 DEUS
318 1207 487 1282 diligatur,

137 1294 191 1352 Cui
210 1292 267 1352 soli
287 1291 498 1368 relinquatur,

141 1376 248 1436 Omnis
267 1377 332 1434 leus
350 1382 380 1434 et
398 1373 507 1450 gloria.

136 1462 266 1534 Honor,
283 1461 380 1526 virtus
400 1466 431 1526 et
449 1463 579 1534 potestus
703 1489 707 1496 ·

20 1519 22 1608 s
137 1546 198 1620 lpsi
216 1545 278 1618 sit,
297 1541 382 1617 eujus
402 1542 543 1622 majestas

20 1623 22 1746 l
137 1623 263 1704 itemst,
280 1629 360 1702 regit
379 1631 493 1688 omnin.
599 1691 604 1698 ,

20 1755 22 1794 ,
106 1715 169 1774 lion
185 1719 230 1772 est
248 1720 334 1773 tuum
351 1713 498 1774 honorari

20 1797 22 1950 ι
137 1797 223 1856 Velle
241 1799 352 1864 bomo,
373 1798 421 1856 rel
441 1796 582 1864 laudari,

20 1951 22 1962 Ι
137 1883 214 1942 Cum
233 1882 274 1940 sis
293 1882 373 1941 vitae
392 1877 533 1941 miserae.
557 1935 558 1940 ,

138 1965 288 2041 Quicquid
306 1966 356 2028 bio
374 1965 499 2025 bonoris
518 1973 635 2040 eaptus,

139 2051 203 2112 Nisi
223 2058 323 2113 totum
342 2051 471 2114 Domine
491 2056 595 2124 eptas,
673 2103 675 2112 ,

141 2135 246 2194 Perdis
263 2142 349 2194 tuum
370 2137 485 2212 virere.
632 2207 633 2210 Ἴ

106 2220 168 2281 lion
189 2226 252 2280 tam
272 2219 359 2278 iaeile
377 2222 529 2292 bonores,
559 2286 563 2294 ⁴

137 2307 168 2366 Si
187 2303 339 2364 sentirent
356 2311 388 2364 et
406 2303 543 2375 lobores,

139 2391 328 2449 Adeotarent
346 2388 461 2450 cleriei.
617 2439 618 2444 ,

138 2470 250 2528 Veiens
269 2485 423 2543 proeesse,
441 2485 503 2526 non
522 2468 665 2542 prodesse

138 2555 242 2614 Perdit
261 2557 324 2628 ipse
342 2570 429 2614 suum
450 2569 515 2612 esse
530 2595 546 2626 ‚.

138 2641 238 2700 Poena
257 2639 366 2714 dignus
385 2639 510 2714 duplici.
603 2683 605 2686 .

107 2724 149 2783 Ad
168 2724 389 2784 bonoressunt
408 2724 525 2797 parati,

138 2808 184 2867 Ad
203 2807 322 2877 labores
340 2814 410 2868 sunt
429 2807 540 2882 ingrati

141 2894 209 2952 tam
226 2890 352 2966 juvenes
371 2909 439 2952 eum
458 2891 592 2952 senibus.
664 2961 666 2966 Ι

141 2978 253 3038 'lotum
272 2979 363 3036 datur
381 2979 538 3052 dignitati,

55 3073 58 3080 “
138 3061 248 3122 Parnm
268 3071 320 3142 eut
338 3061 380 3120 nil
399 3063 572 3130 senetitsti,

138 3147 190 3205 ilis
209 3146 322 3204 nostris
341 3145 539 3221 temporibus.

110 3231 156 3288 Sie
174 3236 205 3290 et
224 3230 288 3291 vita
307 3231 467 3290 laieorum

142 3316 251 3377 Parnm
270 3313 374 3374 differt
393 3333 409 3374 a
429 3329 593 3388 porcorum

140 3398 422 3458 Consuetudinibus.

141 3487 236 3559 Supre
256 3485 380 3543 modum
399 3484 578 3558 epulentur:

143 3570 243 3642 Intus,
264 3570 339 3633 loris
358 3567 581 3639 exeoeeantur,
650 3636 652 3640 ι

143 3655 225 3714 Pleni
244 3655 332 3712 melis
351 3653 498 3714 moribus.

113 3739 153 3798 oe
167 3739 265 3798 seinte
284 3740 456 3799 animarum

144 3823 237 3883 iterus
255 3837 374 3896 munio,
393 3822 446 3883 sed
466 3830 618 3882 terrarum

145 3908 320 3978 Amplitudo
339 3907 510 3982 quaeritur.

144 3991 199 4064 Qui
217 4006 292 4050 rere
312 3991 378 4067 plus
399 3996 496 4066 potest
514 3989 627 4058 ditari,

146 4077 196 4136 Vel
216 4078 248 4137 in
268 4077 363 4136 altum
381 4075 558 4145 sublimari,

148 4161 467 4222 mmmffim

116 4243 236 4305 blundus
255 4247 346 4304 linem
362 4247 424 4319 jum
445 4245 599 4324 minetilr,
619 4283 621 4288 -

150 4333 204 4404 Qui
224 4339 270 4391 tot
289 4333 376 4392 malis
395 4332 586 4405 inquinatur,

151 4416 234 4487 Quod
255 4417 406 4490 praedixit
421 4416 548 4473 Veritas.

151 4500 283 4560 Charites
299 4501 362 4574 iam
382 4500 570 4574 refrigeseit,

153 4585 254 4644 Omnis
271 4593 392 4645 sonetus
410 4584 604 4654 obmutescit,

154 4671 292 4731 Abundat
309 4671 459 4744 impietas,

123 4755 224 4817 l’otens
243 4757 324 4817 ridet
343 4757 557 4830 impotentem,
667 4764 670 4773 '

913 697 961 756 Sie
979 702 1094 758 astutus
1112 672 1321 765 innocentem.
1375 729 1378 738 ·

849 783 850 790 ’
913 780 1092 846 Adolescens
1111 789 1258 842 veterem.

915 863 967 922 Vir
985 884 1002 924 e
1020 865 1086 939 pari
1103 869 1333 942 supplantatur,

914 950 994 1006 Petri
1013 967 1090 1023 puer
1110 953 1312 1022 adversatur,

916 1033 1006 1092 Dives
1019 1040 1137 1108 spernit
1157 1051 1335 1108 pauperem.

881 1117 1006 1175 Sanetus
1023 1118 1049 1176 is
1066 1117 1158 1177 bodie
1177 1126 1322 1193 putetur,

917 1200 973 1273 Qui
992 1219 1073 1264 nune
1092 1204 1192 1262 minus
1211 1203 1388 1278 inquinetur

917 1285 1000 1344 Alalis
1015 1294 1045 1349 et
1062 1287 1254 1358 criminibus.

916 1369 1056 1429 Formam
1077 1373 1157 1431 vitae
1176 1373 1200 1430 si
1219 1371 1368 1444 requiris,

917 1455 983 1516 lion
1003 1457 1080 1516 bane
1099 1473 1227 1532 quaeras
1242 1456 1305 1530 jam
1324 1457 1357 1516 in
1377 1456 1471 1526 uiris,

917 1541 975 1602 Sed
995 1541 1026 1602 in
1045 1539 1263 1601 voluminibus.

883 1627 977 1686 Periit
996 1626 1045 1684 lex
1064 1644 1081 1684 e
1099 1625 1280 1694 sacerdote,

917 1711 1049 1770 Pereunt
1067 1711 1197 1772 virtutes
1216 1716 1315 1782 totae,
1395 1723 1398 1728 ·

918 1799 941 1854 A
960 1811 1031 1855 sene
1048 1796 1224 1868 eonsilium.
1415 1797 1417 1800 ’

917 1880 1025 1939 Multos
1041 1880 1188 1940 babemus
1206 1880 1364 1946 doctores,

918 1965 1113 2024 Paneissimos
1133 1963 1281 2032 lectores,

918 2049 952 2108 ln
969 2051 1035 2108 vita
1053 2046 1243 2108 mortalium.

881 2133 963 2191 liene
982 2133 1062 2191 vitae
1079 2134 1305 2206 captivitatem,
1392 2169 1395 2176 »

916 2217 948 2276 Si
958 2217 1143 2276 ‘manentem
1161 2217 1319 2280 eivitstem

917 2301 972 2360 ilie
989 2301 1152 2371 haberem,
1172 2302 1358 2377 plangerem.

917 2387 997 2445 lleeo
1014 2393 1061 2444 est
1079 2387 1169 2461 plene
1187 2387 1315 2457 civitas,

918 2471 952 2530 ln
971 2487 1030 2546 qua
1052 2473 1222 2530 nesciretur
1242 2472 1372 2543 veritas,

919 2556 972 2616 ilie
991 2557 1016 2614 si
1033 2571 1155 2628 semper
1174 2555 1321 2614 viverem.

884 2642 947 2700 lien
965 2641 1025 2698 beu
1046 2639 1138 2698 bomo
1157 2655 1211 2704 eur
1230 2646 1376 2701 creetur?

919 2725 993 2783 Cum
1013 2729 1059 2784 tot
1076 2723 1167 2781 malis
1184 2725 1381 2797 inquinatur,

869 2869 871 2872 ,
919 2809 1019 2879 Velit,
1038 2808 1132 2878 nolit,
1155 2808 1297 2866 moritur.
1323 2845 1328 2853 -

918 2893 1005 2968 Quod
1023 2899 1068 2952 est
1087 2892 1224 2962 bonum,
1244 2895 1434 2974 haesitare,

921 2979 974 3039 Vel
993 2979 1074 3054 quod
1093 2977 1227 3049 malum,
1244 2979 1302 3038 boe
1321 2993 1424 3038 amare

796 3065 800 3072 '
921 3066 973 3123 Vir
992 3063 1100 3123 inlelix
1118 3063 1250 3138 cogitur.

886 3151 960 3210 ilino
978 3165 1068 3210 nemo
1085 3150 1151 3221 jem
1170 3149 1276 3210 mirari

921 3234 1034 3305 Debet,
1052 3235 1077 3292 si
1096 3233 1147 3292 bie
1165 3234 1317 3298 consolari

920 3319 1025 3378 Omnis
1042 3319 1140 3391 justus
1158 3317 1274 3378 renuit.

921 3404 984 3463 lmo
1003 3402 1076 3460 setis
1093 3401 1321 3474 esldolendus,

921 3487 959 3545 Et
976 3503 993 3543 a
1011 3484 1085 3544 DEO
1103 3485 1305 3561 respuendus,
1403 3501 1408 3514 ¹

921 3571 978 3644 Qui
994 3585 1055 3628 non
1076 3571 1226 3632 mundum
1246 3571 1383 3646 respuit,
1423 3625 1425 3628 .

779 3713 781 3723 ,
886 3656 920 3716 ln
938 3658 997 3715 boe
1015 3661 1134 3717 tentum
1155 3657 1329 3716 eensoutm
1410 3691 1412 3698 ·

924 3740 1001 3800 Vere
1018 3747 1155 3813 muetos,
1175 3747 1208 3800 et
1225 3739 1363 3812 beatus,-

923 3825 1000 3896 Quia
1018 3824 1148 3885 mundus
1167 3824 1305 3884 transiet.

925 3910 1029 3982 Deque
1048 3907 1178 3981 peccatis
1196 3924 1214 3966 o
1235 3908 1385 3966 immundi

925 3991 1049 4050 Debeo
1068 4007 1137 4050 essu
1157 3991 1227 4048 dete
1246 3990 1371 4060 mundi,

926 4075 1061 4148 Quorum
1082 4076 1171 4132 dolor
1190 4075 1304 4134 reniet.

891 4161 936 4221 Ad
956 4166 986 4220 te
1003 4175 1076 4235 ergo
1095 4163 1272 4226 revertere,

927 4247 1023 4305 Homo
1042 4263 1058 4304 e
1078 4242 1294 4303 tedeseieeens
1313 4243 1440 4312 misere,

926 4331 987 4389 Cur
1005 4331 1045 4386 sie
1063 4329 1176 4398 iaetus,
1194 4327 1362 4386 considera.

929 4413 1021 4473 DEUS
1040 4412 1099 4474 sibi
1116 4419 1147 4470 te
1164 4411 1296 4470 similem

928 4495 1026 4562 Fecit,
1047 4493 1099 4552 sed
1117 4499 1150 4550 tu
1170 4491 1347 4552 dissimilem

929 4579 971 4636 Te
990 4577 1081 4646 iaeis,
1102 4593 1216 4650 augens
1233 4576 1358 4636 seelera.

895 4663 1024 4722 Consors
1042 4661 1198 4735 quondam
1218 4662 1415 4736 angelorum,

930 4751 1038 4823 legem
1058 4752 1163 4806 teneus
1178 4748 1402 4819 jumentorum,

1280 4865 1336 4942 us
