3624 5600
715 109 983 174 4444444
1048 177 1054 190 ,
1171 139 1177 150 1
1536 113 1595 178 444

102 218 253 294 epulatos,
269 214 426 294 4444444444
450 233 468 278 4
496 217 650 278 1144444444
666 217 819 296 Gravina,
914 215 1078 296 Myrmecia
1098 215 1266 296 bonerum,
1294 216 1360 276 sire
1386 215 1597 278 Formicarinr

100 305 219 384 Neapoli
233 308 310 368 4648
324 308 373 369 141.
389 309 615 371 commentaria
629 309 661 370 in
673 309 717 372 lv
726 307 820 373 tidros
875 296 1061 388 compositus
1070 309 1108 372 ad
1120 308 1294 387 exemplum
1307 310 1410 394 scripti
1422 311 1505 378 4714.
1518 310 1597 372 Canss

100 399 326 462 Sentmnaenm.
344 399 523 478 Quodlibeto
540 401 624 462 xlll.
645 406 819 466 Tractatum
877 406 1025 482 tipratano
1034 401 1152 482 apiarii
1165 402 1307 480 Dialogus
1319 403 1396 462 inter
1410 403 1595 482 Theolognm

100 489 318 573 deposrpertole
331 493 446 557 Girr'str
457 502 561 556 contra
575 504 756 574 argumenta
767 498 822 558 vl-
875 502 906 556 et
923 497 1042 576 pigrum
1055 541 1064 568 ,
1079 495 1302 558 conditionibus
1320 495 1462 556 formicae
1484 503 1516 556 et
1541 513 1596 576 per

16 627 22 640 .
101 584 208 646 nltls
221 585 293 646 Ord.
316 587 419 649 llinor.
443 588 603 649 Sermones
624 587 663 650 de
684 595 821 668 tempore
876 591 960 651 varia
980 589 1122 669 exempla
1146 588 1326 663 14444444,
1342 586 1380 648 ad
1398 590 1492 650 vitam
1510 590 1597 652 Chri-

99 677 177 738 etde
194 679 326 754 Sanctis,
351 681 379 740 io
396 679 509 758 qulbus
523 687 557 742 44
576 681 636 744 duo
651 681 694 744 od
715 687 829 762 poam.
875 683 1005 744 stianam
1024 683 1209 756 incitativas,
1228 682 1311 743 libris
1325 681 1358 742 V.
1375 683 1427 760 qui
1438 671 1596 762 postduas

100 769 515 834 mndamcanonisutioneorli.
528 773 818 856 Tlomoedelqnin
873 773 1021 836 editiones
1038 783 1160 838 veteres
1177 778 1242 837 sine
1261 775 1415 836 1444444.
1432 778 1461 836 44
1480 776 1529 836 441.
1548 795 1595 838 re-

99 872 128 924 44
147 881 223 926 unos
239 863 360 946 inescata
382 866 616 930 adnominationis
633 870 665 932 S.
683 868 816 932 17444444.
871 868 980 928 censiti
997 875 1070 929 eunt
1087 885 1104 930 a
1122 871 1183 930 lac.
1205 867 1439 948 Wimphelingio
1468 871 1593 948 argent.

133 957 303 1022 40441888
331 962 481 1022 Diaconos
496 997 499 1004 ·
513 960 745 1040 Neapolitanas,
777 963 817 1026 de
871 960 959 1025 4547.
979 963 1006 1022 4.
1020 979 1112 1042 quem
1130 963 1228 1024 secuti
1246 963 1431 1023 Parisienses
1456 964 1507 1029 lit
1515 964 1544 1024 9.
1563 965 1590 1024 l.

99 1065 154 1129 qno
172 1067 266 1130 supra
287 1070 352 1132 pag.
375 1054 444 1121 355.
457 1055 507 1116 nbi
530 1054 619 1116 dictis
640 1055 718 1116 adde
734 1056 815 1134 qood
871 1055 923 1116 1144
940 1063 1071 1133 quatuor
1096 1071 1172 1117 usus
1190 1057 1328 1134 quintam
1357 1055 1516 1118 adornavit
1534 1058 1592 1132 Ge·

98 1161 133 1204 ex
163 1145 231 1207 eius
264 1147 412 1210 Chronico
426 1153 427 1158 ’
442 1149 659 1228 Episcoporum
693 1148 816 1228 1144444.
842 1134 846 1144 ’
869 1148 972 1226 orgius
987 1148 1206 1223 colvenerius,
1225 1147 1396 1226 theologus
1410 1150 1589 1226 8444444444,

100 1238 160 1298 Vita
178 1239 210 1300 S.
232 1237 396 1303 Athanasii
414 1242 604 1305 contessoris
623 1250 656 1302 et
674 1243 815 1321 Episcopi
870 1241 1010 1319 notisque
1025 1240 1153 1304 eruditis
1170 1241 1352 1304 illustratam
1373 1240 1469 1306 edidit
1496 1243 1589 1318 linaei

97 1331 277 1409 Neapolitani
299 1333 427 1397 XXXIV
448 1335 582 1396 deiuncti
602 1335 661 1396 44.
681 1335 742 1396 874
762 1353 815 1398 err·
870 1331 958 1392 4698.
976 1333 1003 1391 8.
1020 1334 1157 1412 Denique
1170 1335 1228 1396 snb
1245 1334 1333 1396 titulo
1350 1333 1493 1396 librorum
1510 1333 1589 1396 V.de

97 1429 153 1484 4444
172 1425 202 1484 io
229 1424 317 1488 Actis
338 1427 473 1518 8444444.
497 1435 569 1488 tom.
599 1429 627 1489 4.
656 1429 725 1490 44144
748 1431 815 1490 XV.
868 1422 1036 1488 visionibus
1058 1432 1090 1487 et
1108 1425 1344 1488 revelationibus
1366 1428 1590 1508 1444444444-

96 1513 131 1576 le
145 1523 176 1576 44
192 1518 222 1576 44
239 1517 397 1580 4444444444
414 1522 612 1600 scriptoribus
628 1539 731 1584 rerum
746 1524 811 1585 ltal.
868 1519 915 1598 pis
936 1518 1051 1580 editum
1073 1528 1121 1581 est
1149 1527 1276 1584 curante
1294 1521 1328 1602 l'.
1354 1523 1387 1586 G.
1414 1523 1587 1586 Hermanno

97 1617 166 1670 tom.
186 1611 217 1671 8.
237 1609 324 1689 parte
345 1613 373 1674 2.
396 1630 462 1691 pag.
486 1615 574 1676 4948.
867 1612 904 1672 414
928 1613 1028 1687 4144414,
1047 1613 1173 1674 1441444.
1192 1615 1280 1676 4694.
1298 1615 1326 1674 8.
1346 1613 1455 1686 Prodiil
1472 1621 1504 1675 et
1520 1615 1589 1678 Gal-

68 1781 73 1790 .
130 1701 822 1790 *40441444444444444444444444444.
868 1705 945 1782 lice,
969 1707 1125 1769 Vincentio
1153 1707 1294 1779 willari,
1315 1704 1386 1767 Old.
1409 1707 1513 1768 Praed.
1543 1712 1589 1767 in-

95 1795 167 1875 phns
182 1797 357 1859 Platonicus
370 1806 401 1859 44
418 1799 530 1861 8144444
551 1803 682 1864 eximius
703 1803 811 1864 claruit
867 1800 1164 1878 44444444844441144
1183 1789 1270 1862 4656.
1299 1801 1326 1860 4.
1346 1800 1433 1861 Liber
1460 1803 1588 1878 quintus

95 1907 137 1952 au.
159 1891 237 1952 4485
260 1895 338 1952 teste
362 1894 517 1954 Pocoiaoto
539 1895 569 1954 in
587 1897 723 1974 catalogo
737 1898 812 1958 scrl-
866 1889 902 1950 de
926 1889 1070 1970 4444144444
1098 1897 1128 1954 44
1154 1910 1259 1956 eornm
1276 1891 1497 1970 deceptionibus
1518 1894 1587 1972 plus

94 1989 205 2061 444444
223 1983 388 2045 Florentio.
405 1987 527 2066 scripsit
543 1989 636 2050 144444
653 1987 811 2050 arcendam
866 1985 992 2063 simplici
1016 1987 1082 2046 vice
1103 1989 1194 2048 etiam
1212 2001 1341 2048 recusus
1358 1989 1388 2046 in
1404 1988 1510 2050 Melleo
1525 2005 1587 2048 me-

95 2073 127 2135 de
140 2092 215 2136 noco
232 2073 374 2154 44444414,
388 2080 476 2140 cuius
490 2081 630 2142 44444444
647 2081 727 2142 iilam
740 2084 812 2145 Pac·
866 2077 1045 2153 14444444,
1062 2079 1099 2140 de
1117 2095 1178 2157 quo
1197 2079 1312 2142 dictum
1329 2096 1421 2158 supra
1443 2081 1472 2140 in
1495 2079 1587 2144 11841-

94 2169 215 2247 cautos,
231 2169 375 2248 idemque
389 2171 521 2233 absolvit
540 2191 589 2234 ao.
612 2175 691 2234 4496
706 2177 811 2236 444441-
865 2169 954 2232 ltlco
978 2169 1128 2232 institere.

94 2263 207 2340 psitque
235 2262 275 2324 sd
301 2263 386 2325 ioan.
408 2266 807 2330 8444444444141444414144
902 2261 1100 2342 sataleiam
1122 2265 1227 2328 Divini
1240 2268 1356 2328 amoris
1371 2266 1407 2328 de
1423 2267 1585 2330 elevatione

16 2329 18 2394 5
93 2357 237 2417 comitem.
260 2355 372 2419 Prodiit
391 2359 559 2420 Florentiae
579 2377 627 2421 44.
647 2377 711 2438 seq.
730 2360 809 2422 4497
863 2354 970 2417 mentis
990 2357 1023 2416 in
1042 2359 1159 2421 DEiilll.
1182 2361 1245 2423 Sub
1266 2364 1313 2422 44.
1328 2361 1473 2422 Gersonis
1491 2363 1586 2422 aomi-

93 2463 175 2526 opera
194 2451 350 2510 laurentii
371 2450 409 2512 de
430 2453 589 2530 llorgiaois
609 2453 640 2514 44
664 2455 691 2513 4.
865 2467 902 2510 44
919 2448 1027 2529 prodiit
1045 2453 1074 2512 44
1094 2455 1120 2514 l.
1139 2460 1263 2516 vetusta
1279 2453 1372 2515 editio
1386 2457 1452 2515 siue
1469 2455 1535 2516 loco
1553 2460 1585 2515 et

127 2539 144 2576 ⁸
161 2541 284 2602 Praeter
314 2544 470 2605 oraculum
491 2544 530 2604 de
552 2561 631 2607 novo
650 2548 755 2608 seculo
777 2550 807 2607 in
863 2557 1049 2622 anno,qaee
1061 2546 1117 2606 4444
1129 2548 1159 2608 44
1172 2546 1245 2614 84141.
1257 2547 1437 2610 Beluaiaoa:
1456 2547 1584 2625 Saepius

16 2649 17 2704 ;
93 2633 222 2696 8414144444.
247 2636 443 2698 8444444444
460 2645 601 2706 servatur
621 2640 689 2702 eius
710 2639 807 2700 oratio
862 2636 954 2696 etiarn
976 2639 1055 2697 inter
1075 2639 1219 2700 Gersonis
1236 2657 1325 2718 opera
1347 2646 1379 2701 et
1400 2643 1430 2699 in
1454 2642 1584 2702 novissi-

16 2719 18 2752 *
92 2728 233 2804 4444444444
253 2727 393 2810 flambrio
413 2735 443 2790 44
461 2728 586 2810 epistola
607 2731 808 2794 cumulatoria
863 2743 913 2788 ma
933 2729 1101 2807 aniniana
1120 2736 1192 2791 tom.
1209 2733 1227 2792 3
1245 2731 1305 2794 Sed
1323 2732 1430 2794 Nidero
1447 2736 1583 2794 restitnit

16 2843 18 2858 =
92 2819 129 2880 od
145 2823 309 2912 Braeciano
330 2821 513 2885 Morteiiiam
529 2827 558 2883 44
576 2825 658 2886 414444
675 2827 742 2887 4444
758 2843 808 2904 pa·
862 2823 914 2900 qui
930 2825 1228 2886 corevitedltionem
1243 2824 1335 2902 hujus
1352 2825 1417 2886 libri
1437 2826 1584 2886 84444444-

78 2915 154 2990 tris,
167 2923 198 2977 et
217 2917 279 2978 4144
297 2916 447 2994 quaedam
468 2918 615 2996 opuscula
643 2921 807 2982 vernacule
862 2931 927 2975 sem
939 2917 1027 2979 4516.
1040 2917 1068 2980 5.
1081 2915 1171 2980 Certe
1184 2918 1299 2980 Gersoo
1314 2921 1344 2982 in
1357 2918 1507 2998 prooemio
1522 2925 1583 2978 sta·

92 3011 204 3088 scripta
220 3009 298 3070 Vide
315 3011 453 3072 Lamiam
468 3012 498 3070 44
510 3011 605 3072 04441.
623 3011 720 3074 eiusd.
730 3014 806 3074 84141.
861 3011 915 3069 444
931 3007 970 3070 de
988 3012 1110 3072 nominc
1127 3013 1248 3074 citatur.
1616 3072 1620 3081 ,

130 3103 196 3179 (les
215 3103 263 3164 De
283 3100 419 3164 4444414444
435 3103 472 3164 ad
492 3106 623 3165 Petram.
641 3102 807 3166 41444144-
900 3101 1147 3182 Praeceptorinen
1164 3103 1291 3165 Divinae
1308 3101 1414 3182 44444,
1445 3107 1512 3166 sive
1529 3104 1582 3166 de-

16 3243 18 3276 ,
93 3191 147 3274 inei
157 3197 206 3258 lv.
222 3197 284 3260 148.
301 3197 472 3258 membran.
490 3214 520 3257 44
539 3197 639 3258 4.(114.
660 3196 717 3258 478
733 3211 804 3260 444
860 3195 1477 3275 cempraeceptorumexplanatiolrgam.
1490 3195 1580 3260 4476.

16 3293 17 3370 ζ
92 3288 169 3350 icone
199 3288 346 3352 4444144444
375 3289 456 3368 apud
488 3290 669 3353 Beodinlum
708 3291 807 3353 Cetal.
859 3289 1058 3352 narrantes.
1079 3289 1108 3352 4.
1135 3289 1289 3370 Noriberg.
1308 3289 1460 3351 litteral.
1484 3292 1578 3354 Paris.

16 3375 17 3384 ’
91 3379 157 3442 84141.
179 3383 637 3444 44444444.111.444.194444444
663 3385 729 3446 cias
751 3385 806 3445 Te·
861 3380 950 3442 4697.
968 3383 1054 3444 4445.
1075 3383 1102 3443 4.
1120 3389 1153 3444 44
1166 3385 1258 3446 84444
1275 3390 1403 3446 curante
1427 3383 1578 3454 ffichardo

16 3515 17 3550 ,
93 3475 476 3540 4444444444414596.
862 3473 996 3536 Gibbono
1016 3478 1048 3537 S.
1069 3477 1091 3537 1.
1115 3478 1203 3540 4644.
1226 3478 1255 3538 8.
1526 3527 1529 3534 .

130 3568 301 3632 40481188
319 3567 462 3631 Nicotaus
478 3565 629 3632 8414444444
650 3571 746 3632 vossii
777 3589 805 3650 p.
903 3567 1143 3630 Cmesoiotoriam
1161 3570 1333 3634 timoratae
1363 3570 1579 3634 Conscientiae.

16 3659 18 3744 ᾗ
91 3659 154 3724 496.
168 3663 273 3724 nullus
289 3669 337 3723 444
352 3707 360 3737 ,
374 3661 428 3724 4441
445 3665 567 3742 signare
586 3664 684 3726 voluit
701 3665 804 3728 lllco-
857 3664 949 3745 Paris.
965 3661 1053 3725 4487.
1072 3664 1099 3740 4.
1118 3665 1205 3726 4494.
1222 3667 1250 3726 8.
1265 3666 1349 3728 844.
1365 3665 1455 3727 4694.
1471 3665 1500 3725 8.

16 3745 17 3772 ¹
91 3747 184 3818 alan
216 3755 418 3835 8444444444
449 3756 487 3818 414
517 3775 578 3836 quc
609 3759 696 3819 44144.
729 3759 802 3820 Vide
896 3757 940 3818 De
956 3755 1042 3838 14444
1058 3755 1171 3820 marcii
1186 3761 1215 3818 ia
1231 3759 1312 3820 xlll.
1329 3759 1463 3820 levitici.
1483 3761 1576 3822 Paris.

16 3839 18 3928 l
90 3845 213 3910 11444444
228 3848 416 3912 eruditorum
438 3851 541 3912 ltaliae
554 3857 631 3913 tom.
646 3853 752 3914 XViil.
772 3871 802 3932 p.
857 3848 1249 3914 4478.141.1.4444.1476.
1277 3853 1306 3912 4.
1326 3852 1418 3912 Paris.
1438 3852 1527 3914 1489.
1550 3853 1578 3912 4.

90 3937 198 4004 44844
214 3949 288 4003 tom.
305 3942 546 4023 1118444381.
859 3943 946 4005 4495.
967 3943 1016 4005 48.
1034 3950 1065 4004 44
1085 3945 1173 4006 tell.
1193 3945 1221 4004 8.

123 4033 291 4098 10411888
313 4034 408 4096 Nr'der
428 4037 494 4100 sire
521 4035 626 4118 Nyder
656 4055 695 4100 ex
726 4050 803 4118 pago
896 4032 1043 4096 Manuale
1061 4034 1274 4117 Confesscrnnr
1292 4033 1330 4098 ad
1347 4037 1577 4096 instructionem

90 4123 221 4205 Steviae,
239 4126 311 4189 0rd.
328 4129 432 4190 Presd.
450 4131 533 4192 Prior
549 4128 727 4194 Conventus
747 4135 802 4194 lia·
857 4127 1045 4207 spiritualem
1073 4131 1244 4190 Pastorum.
1275 4129 1370 4189 Paris.
1408 4126 1496 4188 4478.
1527 4128 1575 4188 441.

16 4215 17 4276 ἶ
91 4217 240 4297 silemsis,
258 4224 350 4284 etiam
378 4223 512 4286 Concilio
532 4225 698 4286 Besileensi
716 4241 803 4304 prae·
858 4221 946 4284 4489.
964 4219 992 4282 t.
1013 4222 1103 4282 4513.
1123 4221 1152 4282 8.
1493 4267 1496 4276 ,

16 4325 17 4400 j
90 4326 155 4373 sens
171 4316 316 4376 interluit.
332 4317 429 4377 Vitam
441 4316 509 4396 ejus
520 4320 643 4397 scripsit
654 4318 802 4397 Georgius
897 4313 1048 4396 Epa'stoiae
1063 4312 1142 4376 duae
1159 4313 1201 4376 od
1211 4313 1356 4378 Boirenros
1375 4315 1504 4392 scriptae
1522 4313 1575 4376 Ao.

16 4403 17 4440 ⁴
91 4403 301 4483 colvenerius,
332 4411 530 4488 praemissam
561 4412 750 4488 4444444444,
772 4421 803 4472 44
859 4410 946 4470 liet.
964 4417 995 4471 44
1010 4410 1099 4470 tertia
1113 4406 1156 4470 ad
1171 4411 1278 4474 Patres
1291 4405 1577 4472 Conciiiiliosiieen-

91 4498 212 4562 44444444
232 4501 338 4573 044444
353 4505 456 4564 4444
480 4519 547 4582 pag.
568 4503 638 4566 798.
666 4521 732 4584 seq.
749 4506 801 4584 qui
856 4501 900 4562 sis
913 4500 1012 4563 editae
1032 4518 1103 4564 cunr
1122 4503 1206 4566 Actis
1224 4502 1305 4564 illius
1327 4501 1452 4564 concilii
1474 4508 1497 4560 t.
1518 4501 1575 4564 llll

91 4592 230 4654 eitluisss
241 4597 438 4673 superstitem
449 4597 528 4658 41444
539 4596 596 4658 llo.
610 4599 803 4677 44484444-
858 4595 965 4656 Labbei
984 4611 1012 4674 p.
1027 4593 1096 4655 ete.
1114 4595 1183 4657 979.
1201 4593 1343 4656 llerduin.
1361 4602 1383 4654 t.
1400 4594 1466 4655 vlll
1481 4601 1538 4656 444.

91 4698 173 4760 quarn
189 4687 465 4752 41441444414444
482 4692 579 4752 secuti
597 4689 721 4753 tradunt
738 4693 800 4753 4144-
897 4688 1019 4750 librum
1037 4686 1073 4748 de
1090 4686 1174 4748 modo
1201 4685 1272 4750 bene
1296 4685 1417 4750 vivendi
1433 4687 1469 4748 ad
1489 4688 1577 4750 Sere

16 4783 17 4786 ’
92 4777 284 4842 4444414444.
303 4782 599 4864 transcripsimus
617 4784 690 4846 haec
706 4792 800 4846 sunt:
858 4800 942 4859 rem,
960 4779 1017 4842 sub
1033 4779 1225 4846 8884148191
1243 4785 1362 4846 444444
1379 4783 1470 4845 Paris.
1486 4775 1573 4844 4494.

16 4893 17 4922 ¹
1293 4905 1349 4966 lte
