3562 5582
632 97 1031 166 ilitnalttltllls
1517 100 1578 164 555

130 209 296 293 leodiensis
311 209 450 290 Episcopi
466 226 533 290 pag,
552 208 621 272 557.
854 208 921 269 aliis
940 209 1142 285 scriptisnvou
1161 207 1286 284 paucis,
1305 213 1396 284 atque
1414 203 1491 270 teter
1507 207 1578 270 sim·

128 303 248 366 Abbatis
261 302 292 366 S.
308 301 417 370 blaviae
435 318 501 382 pag.
517 302 584 365 557.
851 298 940 381 plicis
952 298 1118 362 Medicinae
1128 297 1293 360 secundom
1304 298 1502 377 creationem,
1512 309 1579 362 octo

128 397 249 460 Abbatis
264 395 293 457 S·
311 396 429 459 Martini
439 411 504 476 pag.
523 397 592 458 559.
860 395 953 458 libros
966 395 1147 454 continens:
1165 399 1197 452 et
1207 389 1284 454 liber
1299 393 1475 474 compositos
1488 393 1580 466 55555-

128 487 247 552 iteii'ridi
265 489 374 552 Prioris
390 491 420 550 in
444 489 610 552 Eberbacb.
624 507 690 570 pag.
713 489 781 554 578.
855 489 950 563 evim,
964 487 999 550 de
1015 485 1245 566 aegritudinum
1258 487 1370 562 masis,
1382 485 1477 568 59555
1490 496 1580 571 ntpae
1693 528 1698 540 .

10 583 11 592 ’
128 583 169 646 lid
191 582 339 662 praelmos
358 583 612 662 augustinenses,
625 589 747 662 propter
757 582 801 642 di·
854 581 951 644 curis.
970 581 1086 644 Deinde
1104 579 1141 640 ibi
1157 581 1307 658 protertur
1334 581 1418 644 55555
1439 584 1580 660 prolixior

94 678 156 736 vina
176 691 229 754 per
244 673 313 738 illos
332 673 490 738 interdicta
510 692 576 756 pag.
598 675 675 756 553.1
853 691 890 738 ex
912 672 989 756 libro
1001 672 1131 736 5555555
1145 669 1267 751 Spernit
1281 676 1445 754 temporam
1458 670 1579 754 futuro-

10 847 11 850 *
126 768 247 830 Abbatis
262 768 569 846 Nuenburgensium,
586 786 652 848 pag.
670 770 737 832 556.
852 786 923 831 rum
940 771 1010 830 sive
1037 764 1256 836 5555555555,
1274 767 1362 830 titulo
1376 765 1412 830 de
1427 767 1513 834 55555
1532 785 1581 830 rr-

126 864 198 924 l‘etri
220 861 379 941 praepositi
400 861 592 926 Trevirorum
620 879 686 944 pag.
709 862 800 925 575.Ι
854 860 1011 942 leantur
1024 863 1122 940 capite
1140 859 1285 922 secundo.

10 949 12 1030 ξ
125 956 245 1036 Philippi
265 955 375 1016 liccam
396 955 585 1021 coloniensis
602 955 754 1036 pag,.b7b.
894 957 960 1020 Alia
976 954 1237 1018 lllLDEGAllDlS
1258 954 1418 1020 comitissa
1445 959 1581 1021 Pictavo-

10 1043 12 1134 ξ
123 1051 253 1130 Philippi,
275 1049 403 1114 Comitis
420 1049 577 1112 91555555
598 1067 663 1130 pag.
690 1053 758 1114 553.
854 1065 943 1125 rum,
960 1065 1039 1128 quae
1062 1064 1187 1110 causam
1212 1063 1301 1112 suam
1326 1047 1440 1110 diserte
1467 1052 1529 1130 egit
1550 1053 1581 1110 in

10 1211 11 1216 ,
124 1147 314 1225 Pragensium
335 1143 475 1222 Episcopi
496 1161 566 1224 pag.
585 1143 654 1206 558.
855 1141 1129 1222 Synodollemensi
1140 1141 1299 1203 555559.
1312 1139 1387 1202 Vide
1403 1142 1580 1208 ordericum
1618 1199 1621 1204 ,

10 1225 11 1258 ¹
124 1237 290 1312 5555555
311 1235 470 1316 autumem
489 1253 554 1316 pag.
577 1239 645 1300 ast.
859 1238 987 1299 violem
1005 1236 1136 1298 5555.
1154 1253 1221 1314 pag.
1240 1237 1309 1298 555.
1477 1279 1480 1286 .

10 1327 11 1358 l
128 1331 275 1411 Spirensis
297 1331 434 1410 Episcopi
455 1346 520 1409 pag.
543 1331 612 1392 555.
896 1333 941 1393 De
959 1331 990 1392 S.
1015 1329 1251 1392 lilbllEGbliDl
1271 1331 1404 1408 Regina,
1430 1332 1581 1394 Caroliil.
1609 1361 1612 1367 ·

122 1425 358 1503 traiectensium
370 1423 514 1503 Episcopi
533 1440 599 1503 pag.
621 1425 690 1486 558.
857 1441 949 1488 usura
962 1471 970 1501 ,
984 1423 1126 1485 defuncta
1143 1422 1200 1484 tn.
1217 1424 1278 1486 783
1294 1423 1377 1490 adire
1394 1424 1580 1488 iicebitbcta

10 1585 11 1590 .
123 1519 311 1592 Trevirorum
331 1516 471 1596 Archiep.
492 1533 557 1598 pag.
580 1517 647 1580 555.
671 1519 745 1582 stc·
858 1520 984 1581 Sanctm
1001 1525 1075 1578 tom.
1097 1518 1128 1577 3.
1151 1515 1244 1596 April.
1261 1517 1310 1578 39.
1325 1535 1392 1596 pag.
1407 1517 1466 1580 788
1484 1535 1547 1598 seq.

119 1613 315 1675 virdunensis
332 1611 479 1689 Episcopi
501 1627 568 1690 pag.
593 1612 661 1688 557,
716 1601 734 1642 ⁰
899 1612 1010 1674 *Liber
1019 1611 1138 1674 Scivins
1149 1618 1181 1671 et
1191 1610 1582 1690 liberdivinoramoperum

10 1713 12 1760 i
120 1705 254 1768 werneri
275 1702 314 1766 55
335 1703 492 1766 liircbeim
514 1721 579 1784 pag.
602 1707 670 1766 585.
862 1707 923 1768 555
941 1712 1015 1768 5555
1031 1703 1120 1784 plane
1136 1703 1281 1766 distincta
1301 1705 1584 1768 5555555551υωί-

124 1801 353 1860 Wormatiensis
375 1799 515 1878 Episcopi
539 1817 602 1878 pag.
626 1799 699 1862 557.
861 1817 899 1862 55
915 1847 922 1875 ,
939 1815 1018 1878 quae
1036 1798 1126 1859 ambo
1154 1813 1171 1857 a
1198 1798 1230 1858 S.
1255 1796 1311 1860 555
1326 1798 1446 1877 Virgine
1471 1802 1583 1878 scripta

121 1893 202 1954 biber
222 1887 373 1972 simplicis
396 1897 427 1952 55
448 1891 527 1954 alius
548 1897 726 1971 compositos
746 1895 807 1956 lte-
862 1894 1012 1956 teruntur.
1041 1891 1118 1952 Libri
1140 1888 1260 1954 Scivios
1284 1895 1332 1952 sat
1353 1892 1414 1952 noti
1438 1900 1531 1967 suot,
1549 1893 1582 1954 ll-

90 1984 194 2046 diciaoe
213 1983 315 2046 eidem
341 1982 510 2062 llildegardi
532 2001 548 2044 5
571 1985 734 2048 Tritbemio
754 1991 807 2048 tri·
860 1987 905 2048 los
927 2003 999 2048 vero
1030 1982 1114 2045 dedit
1142 2000 1222 2047 anno
1246 1985 1356 2046 aetatis
1382 2001 1456 2048 suae
1477 1985 1582 2048 xblti.

76 2079 224 2142 bruatur:
245 2087 337 2156 atque
352 2078 435 2155 typis
449 2079 592 2157 exscripti
609 2086 733 2144 exstant
748 2081 807 2142 sub
864 2079 942 2142 Libri
964 2077 1137 2142 divinorum
1159 2093 1285 2156 operum
1302 2084 1351 2140 est
1363 2075 1443 2157 apud
1464 2095 1515 2139 me
1535 2093 1584 2140 co-

91 2168 506 2251 emsnominelibriqunbtnr
517 2169 806 2252 coexsecutorum
862 2173 921 2236 dex
953 2174 1081 2252 insignis
1113 2173 1226 2246 minio,
1246 2179 1278 2232 et
1310 2171 1491 2250 imaginibus
1511 2188 1584 2234 auro

86 2261 196 2342 primic
231 2263 455 2330 medicamenti
482 2283 520 2326 ex
535 2319 536 2324 ,
552 2267 659 2344 aquis,
696 2271 808 2344 terris,
863 2265 1094 2348 splendentibus
1124 2273 1250 2326 ornatus
1283 2265 1532 2328 membranaceus
1553 2267 1583 2324 in

92 2357 194 2419 salibus
218 2365 253 2418 et
276 2356 427 2418 metallis:
444 2356 593 2420 secundus
607 2366 639 2421 et
656 2360 809 2424 55555555
865 2359 915 2424 iol.
937 2377 1029 2439 quem
1054 2359 1103 2420 bic
1122 2359 1279 2438 aliquanto
1299 2359 1390 2420 latius
1411 2356 1585 2422 describen-

93 2451 210 2529 plantis,
232 2454 363 2532 quarata
390 2469 428 2514 ex
451 2451 634 2514 animalibus
655 2460 810 2535 persequi·
865 2454 937 2516 dum
960 2459 1065 2532 utpote
1096 2469 1205 2532 parum
1237 2458 1343 2514 notum
1376 2454 1517 2532 suscipio.
1550 2455 1583 2514 in

93 2549 143 2606 tur.
174 2543 314 2606 Prodiere
339 2545 535 2625 Argentorati
561 2545 640 2624 apud
661 2548 808 2612 loannem
834 2607 836 2612 ,
865 2557 967 2630 partes
986 2549 1169 2628 dispescitur
1199 2556 1272 2610 tres.
1305 2549 1387 2612 Prior
1416 2548 1585 2610 absolvitur
1649 2587 1654 2596 -

94 2637 245 2700 Sobottum
261 2638 339 2701 5533
357 2639 405 2700 iol.
425 2646 457 2700 at
475 2639 555 2702 5555
569 2639 618 2702 toi.
630 2657 700 2704 cum
718 2643 809 2704 Octa-
864 2646 893 2704 in
914 2649 1022 2722 quarta
1043 2644 1159 2704 visione
1180 2651 1212 2702 et
1231 2644 1328 2721 capita
1349 2647 1473 2704 centum
1490 2643 1586 2705 coati-

93 2732 137 2790 vio
154 2732 336 2808 Horatiano,
352 2733 541 2818 lentule-,et
559 2736 809 2811 cumTilEDOlll
865 2743 924 2799 oet.
958 2739 1030 2798 Pars
1062 2735 1196 2798 5555555
1228 2752 1298 2796 cum
1330 2737 1436 2814 quinta
1468 2736 1585 2795 visione

94 2822 203 2902 daea,
222 2824 351 2904 aliisque
376 2824 556 2905 quibusdam
582 2829 708 2892 aliorum
736 2833 809 2892 scri·
862 2829 1038 2892 exorditur.
1060 2830 1151 2894 5555
1182 2834 1300 2890 sextam
1323 2843 1421 2904 usque
1442 2828 1586 2906 pertingit

95 2923 218 2993 piorum.
708 2954 722 2988 ο
863 2927 961 3004 capite
983 2925 1020 2984 59
1053 2929 1225 2986 enumerat.
1245 2922 1437 2982 Visiosexta
1464 2929 1496 2980 et
1516 2935 1586 2999 pars

128 3011 249 3074 Praeter
263 3010 312 3074 ilia
331 3014 360 3073 S.
378 3013 565 3092 Eiidegardie
588 3018 699 3098 scripta
715 3036 732 3080 a
749 3019 813 3080 Tri·
865 3021 955 3080 tertia
978 3036 1038 3080 una
1062 3019 1218 3096 incipiunt.
1237 3016 1269 3077 lu
1285 3014 1401 3078 decima
1419 3016 1536 3076 visione
1556 3021 1587 3074 et

95 3103 200 3168 themio
213 3123 283 3185 cap.
302 3106 361 3167 595
373 3106 412 3168 55
431 3111 630 3188 scriptoribus
651 3119 682 3172 et
699 3114 734 3174 11.
754 3115 812 3176 its
865 3115 969 3192 Capita
992 3113 1031 3174 38
1058 3111 1234 3174 absolvitur.
1253 3108 1389 3172 Scribere
1413 3125 1489 3188 opus
1504 3107 1585 3170 istud

97 3196 198 3260 illustr.
215 3199 404 3261 Benedictio.
431 3210 639 3268 memorantur
655 3204 723 3284 ejus
739 3207 813 3270 liber
865 3223 1008 3286 aggressa
1028 3215 1079 3268 est
1100 3221 1202 3280 anno,
1225 3210 1260 3264 ut
1281 3203 1326 3264 ibi
1342 3203 1452 3282 iegitur
1471 3200 1587 3263 Aetolis

97 3290 172 3352 Vitae
184 3291 374 3367 meritonam,
387 3291 477 3371 eujus
486 3298 628 3359 meminit
638 3301 730 3360 etiam
741 3301 814 3376 llat-
866 3297 1056 3378 sexagesimo
1072 3295 1196 3378 quinto,
1215 3301 1245 3357 et
1258 3293 1418 3356 millesimo
1431 3294 1587 3372 5555555555

98 3384 201 3448 thaeus
242 3385 583 3452 westmonasteriensis
615 3391 653 3454 ad
689 3392 812 3454 bouum
866 3392 1058 3472 secopesimo
1080 3391 1167 3452 tertio
1188 3389 1354 3452 dominicae
1370 3389 1588 3453 5555555555

98 3480 169 3542 titt
183 3497 253 3560 pag.
267 3479 336 3542 557.
345 3479 604 3546 555555555νὶ55
617 3483 811 3548 5555555555.
852 3493 855 3503 “
861 3503 1014 3568 55555555
1035 3483 1222 3567 Apostolioce
1238 3484 1318 3546 sedis
1334 3483 1465 3548 5555555
1480 3485 1587 3566 sopito.

95 3571 248 3654 depositio
265 3573 579 3655 Dv'mivorvmopnmm
593 3579 714 3642 laudata
727 3598 813 3659 prae
865 3584 954 3658 (cum
976 3579 1149 3643 Eridericus
1174 3581 1346 3652 Romanum
1378 3579 1588 3642 Pontificatum

95 3667 334 3731 turllattimeum
352 3670 445 3734 etiam
466 3671 607 3734 Alberico
621 3673 660 3735 55
688 3675 812 3740 Annum
865 3677 1061 3754 exagitaret.)
1078 3671 1136 3736 555
1152 3673 1310 3736 Fridcricn
1324 3675 1477 3736 liomunoe
1491 3671 1590 3752 digni·

96 3762 168 3824 titt
190 3779 260 3842 pag.
278 3761 339 3824 323
356 3768 388 3822 et
408 3762 444 3824 ad
461 3763 586 3828 Annum
603 3768 681 3830 5563
699 3783 727 3847 p.
743 3769 811 3830 359.
865 3767 937 3830 totis
963 3767 1161 3849 >imperatore
1203 3769 1398 3849 Superiorum
1436 3769 1588 3830 visionum

94 3857 266 3934 neutiquam
284 3854 406 3922 diversa
416 3857 455 3918 ab
466 3859 651 3940 ilildegardis
668 3862 743 3924 libro
759 3864 822 3923 555.
866 3879 990 3924 suarum
1022 3861 1182 3924 meminit:
1219 3879 1276 3924 nec
1308 3863 1378 3924 silet
1409 3863 1588 3939 scriptiones

93 3951 197 4026 pertito
208 3950 302 4026 „sive
319 3948 517 4021 librisgtribus
534 3955 701 4028 visionum.
719 3955 812 4034 liujus
866 3971 939 4017 suas
954 3953 1194 4032 praecedentem
1211 3953 1308 4016 veluti
1322 3954 1358 4014 ivr
1369 3949 1587 4033 prioritates

95 4041 208 4118 initium
227 4043 314 4122 ponit
332 4043 535 4110 tritbemius:
550 4044 838 4130 Etsoctmnertio⁸
863 4044 997 4109 tinnitus
1029 4045 1268 4128 rteivproefeta
1295 4063 1364 4116 5555
1384 4053 1416 4108 55
1441 4046 1584 4107 interius:

94 4139 176 4210 55555
202 4151 304 4208 emto,
335 4138 426 4215 (sicut
450 4138 574 4219 grandis
601 4141 811 4206 voluminibus
864 4138 1006 4220 55555555
1024 4140 1125 4200 omnio
1140 4155 1255 4220 gaeso
1272 4138 1421 4222 miscvpio
1435 4137 1585 4202 5555555555

93 4226 224 4303 Solvas,
242 4227 284 4292 Et
293 4226 408 4311 facturr
423 4237 472 4302 est
486 4232 518 4296 io
530 4250 609 4298 5555
623 4253 713 4312 oron,
730 4236 810 4318 quod
863 4251 1001 4300 meorum
1017 4233 1211 4316 5555555555.
1225 4234 1259 4310 15
1274 4234 1419 4315 principio
1432 4231 1586 4298 55555555

94 4321 230 4400 laeditis
245 4320 409 4400 55555555
428 4325 505 4390 Tum
525 4329 673 4393 donanim
687 4329 811 4396 5555555
863 4332 991 4394 visionis
1011 4345 1184 4394 sermonem
1204 4344 1335 4410 quoque·
1349 4324 1501 4391 5555555
1514 4340 1584 4402 oro,

93 4421 122 4476 et
140 4416 227 4478 liber
242 4413 279 4476 de
295 4417 492 4482 8555555555
506 4419 637 4498 tlara,
656 4432 811 4503 praeterea
862 4425 943 4505 qaod
966 4425 1136 4505 55551555
1155 4427 1349 4502 spectaverat
1366 4427 1454 4498 Juxta
1475 4436 1511 4486 ao
1530 4437 1585 4482 sx-

93 4507 236 4570 Emru'line
250 4509 352 4573 Lt'lll
375 4511 406 4573 in
428 4511 613 4594 Evangelio,
628 4535 682 4598 pro
699 4517 810 4598 quibus
865 4526 1018 4598 presserat
1049 4517 1080 4578 io
1111 4515 1202 4578 tertio
1221 4513 1424 4578 violentiori
1454 4513 1583 4578 8555555.

92 4604 167 4681 apud
177 4603 361 4666 llatthaenm
384 4609 812 4686 Vestmonasterienscmdau·
865 4613 945 4674 5555
965 4627 1062 4672 55555
1082 4609 1219 4672 xxviii.
1237 4608 1344 4672 Totius
1357 4610 1459 4688 operis
1476 4609 1584 4672 titubas

93 4696 219 4772 dantur,
237 4695 384 4760 11555555
396 4699 439 4762 cd
451 4700 580 4782 ignotum
594 4703 726 4784 linquam
740 4722 810 4766 cum
865 4712 932 4767 est:
952 4701 1041 4764 Liber
1049 4702 1220 4764 diuinorum
1233 4718 1357 4784 operam
1374 4700 1517 4785 simplas
1533 4699 1584 4762 55

96 4795 301 4864 sciscitetis:
327 4798 531 4879 Goelestt'tqve
557 4800 811 4864 Hermoniacum
866 4798 963 4862 55555.
986 4799 1111 4862 Curium
1132 4798 1228 4862 muita
1249 4801 1404 4873 continet,
1427 4804 1462 4860 ut
1478 4795 1520 4858 55
1537 4804 1583 4858 to-
