3596 5610
653 128 1007 194 ‚tolumnius
1515 130 1575 191 349

94 248 221 310 rumque
238 239 361 295 exstant
374 235 403 296 in
420 235 544 296 loannis
558 235 657 296 Woliii
672 235 807 298 lectioni·
902 237 1048 301 7444444444
1063 237 1099 300 rte
1116 235 1244 317 44494444
1262 235 1408 298 castellae
1428 239 1458 297 et
1476 237 1576 316 Legio

92 325 151 386 bus
176 326 418 389 memorabilibus
441 333 512 389 tom.
531 331 559 390 4.
577 345 643 408 pag.
662 328 720 388 499
741 343 805 408 seq.
859 331 907 393 nir
933 331 1158 394 aFerdinandn
1178 333 1200 393 i.
1231 331 1342 392 Sanatii
1364 331 1395 390 F.
1418 329 1574 408 usquead

93 419 152 478 443
180 419 313 482 Celebris
337 426 368 481 et
398 422 533 500 inprimis
557 421 729 483 loachimus
758 422 806 484 hia
859 425 983 505 Philippi
999 428 1034 488 V.
1055 425 1105 504 qui
1123 424 1210 486 hodie
1227 425 1384 504 Hispanias
1404 425 1490 503 regit,
1507 439 1576 486 sua-

92 519 215 592 propter
228 513 420 590 vaticinandi,
437 527 529 592 quam
543 531 614 594 prae
630 531 664 575 sa
677 514 748 576 tulit
763 516 807 576 lu·
858 530 1009 580 cessarem
1021 521 1171 598 quintum,
1187 519 1297 596 scripta
1314 517 1473 578 uersibus:
1489 518 1573 593 (inae

91 607 236 670 cultatem
252 625 258 666 :
273 623 447 685 quanquam
467 606 635 670 Guilelmus
659 609 805 668 Parisien·
857 629 921 674 uam
936 627 1013 692 pace
1021 611 1134 694 poterit
1145 611 1246 690 lingua
1257 611 1574 672 retemmellrodiere

90 703 133 761 sis
148 699 200 761 lib.
211 697 250 762 de
264 700 431 761 Virtutibus
444 715 509 780 cap.
522 698 574 762 xl.
592 717 656 780 pag.
672 701 739 763 454.
751 717 804 762 au·
857 708 987 786 primum
1010 706 1066 766 ln.
1088 705 1176 767 4676.
1199 703 1307 764 deinde
1320 719 1391 766 cum
1408 706 1441 765 P.
1458 703 1574 782 Angeli,

88 802 154 854 ator
173 801 223 854 est
248 792 409 854 nonnullos
430 791 593 854 credidisse
617 809 676 855 non
694 792 805 855 danum
858 800 1068 877 augustiniani
1089 797 1259 860 discalceati
1280 798 1359 858 notis
1382 797 1530 860 historicis
1545 799 1575 855 in

90 884 268 966 Prophetae
278 886 333 947 boa
345 887 451 961 luisse,
465 884 805 967 unanimumque
856 900 938 953 tomo
959 895 1047 952 tertio
1073 891 1210 970 syllogus
1242 889 1506 952 Archimbaldinae
1524 893 1574 952 aui
1657 950 1660 958 ,

89 985 190 1040 tassice
213 977 364 1040 claritatis
379 985 408 1041 44
429 978 577 1040 acuminis
596 983 632 1040 44
646 979 678 1040 in
694 979 803 1059 quibit-
858 987 980 1048 titulus:
1002 1003 1140 1048 naureau
1162 985 1272 1046 recueil
1293 984 1330 1044 de
1351 989 1451 1062 pisces
1473 985 1572 1064 lugiti-

88 1073 176 1135 adam
189 1072 276 1135 ualde
291 1071 492 1136 assimilatum
507 1071 604 1155 faerit
621 1073 804 1153 Propbetrae.
860 1097 916 1140 ves
936 1079 966 1139 d'
976 1082 1122 1155 Histoire,
1142 1079 1181 1140 de
1202 1078 1369 1162 litterature
1397 1083 1456 1137 etc.
1481 1079 1574 1138 Puris.

89 1168 201 1228 Conler
215 1169 324 1229 iterum
339 1167 571 1247 Papairrocbium
585 1183 649 1246 pag.
669 1169 726 1229 494
741 1183 804 1248 seq.
863 1172 1005 1236 474748.
1026 1189 1091 1252 pag.
1114 1175 1152 1234 66
1173 1173 1221 1234 ts.

87 1262 212 1340 Pagium
228 1259 266 1322 ad
284 1259 339 1322 ln.
359 1261 445 1322 4488.
462 1277 495 1320 n.
511 1262 548 1322 49
566 1277 629 1339 seq.
646 1268 677 1321 et
693 1259 730 1322 ad
747 1261 805 1322 lin.
898 1269 1024 1330 Caetera
1054 1267 1144 1327 huius
1173 1263 1318 1327 lonchimi
1346 1265 1460 1342 scripta
1481 1271 1575 1338 sunt,

89 1354 168 1416 4496
184 1353 211 1432 5.
230 1354 259 1413 4.
273 1367 335 1431 seq.
352 1354 486 1416 Natalem
505 1353 590 1415 Alex.
605 1359 677 1414 torn.
695 1352 723 1414 7.
736 1353 805 1418 hist.
861 1360 898 1422 de
918 1360 1029 1438 quibus
1049 1359 1223 1421 leonardus
1243 1357 1422 1420 Nicodemus
1442 1359 1471 1417 in
1493 1357 1577 1418 addi·

87 1450 117 1507 in
137 1447 185 1508 444.
206 1463 270 1526 pag.
288 1444 337 1506 77.
360 1454 391 1507 44
417 1447 484 1508 ast.
507 1449 704 1509 Francisaum
721 1449 808 1508 44444-
861 1453 992 1514 tionibus
1021 1453 1180 1532 praeclaris
1213 1451 1250 1512 ad
1281 1451 1344 1512 Nic.
1368 1452 1471 1530 boppii
1501 1451 1579 1512 bibl.-

9 1593 10 1624 .
88 1543 166 1602 rium
183 1541 213 1600 in
228 1540 427 1620 apologiapro
448 1542 609 1615 tonabimo,
630 1541 659 1600 in
678 1540 807 1602 notisad
861 1547 1083 1626 Neapolitanam
1105 1561 1170 1625 pag.
1186 1546 1234 1606 94.
1260 1559 1323 1622 seq.
1344 1543 1419 1605 Acta
1439 1544 1574 1604 Senator.

9 1681 10 1720 .
87 1633 203 1714 pseudo
229 1633 377 1694 Dextrum
404 1651 468 1713 pag.
492 1635 544 1696 464
566 1649 631 1713 seq.
647 1641 755 1695 contra
772 1649 808 1698 ea
861 1646 932 1699 tom.
953 1638 982 1698 ⁷.
1002 1640 1068 1700 Maii
1089 1656 1155 1718 pag.
1178 1640 1235 1700 463
1256 1654 1321 1716 seq.
1351 1637 1418 1702 429.
1450 1638 1576 1700 6444444

87 1745 164 1808 quae
185 1728 305 1790 Gabriel
326 1729 478 1790 Pennotus
504 1739 569 1807 pag.
600 1729 658 1790 468
678 1736 710 1790 44
737 1729 805 1791 843.
861 1731 969 1806 Visclr,
991 1737 1047 1793 eta.

86 1831 143 1883 etc
164 1824 265 1884 Vitam
287 1828 320 1882 et
333 1823 534 1883 vaticinorum
551 1822 696 1883 inachimi
712 1823 807 1902 expli·
898 1821 987 1885 44444
1005 1822 1188 1887 canendae
1203 1823 1283 1887 Navi
1296 1839 1334 1884 aa
1352 1822 1463 1885 Veteris
1478 1823 1576 1884 Testa-

86 1918 235 1977 cntionem
257 1915 379 1994 scripsit
397 1913 530 1976 Leander
545 1912 687 1976 44444444
711 1919 806 1978 8444-
858 1917 964 1994 menti,
986 1917 1036 1979 ubi
1057 1917 1096 1978 de
1125 1921 1260 1995 quinque
1285 1915 1411 1995 sigillis,
1433 1915 1516 1976 libris
1537 1917 1571 1976 V.

9 2051 10 2058 .
87 2011 216 2084 niensis,
246 2025 337 2087 quarn
358 2009 469 2076 biStam
493 2011 612 2070 Parisiis
633 2009 662 2068 in
683 2009 804 2071 Colber·
858 2012 961 2071 Venet.
991 2011 1069 2073 4549
1094 2012 1121 2070 4.
1143 2009 1216 2072 44464
1236 2014 1282 2070 Jo.
1304 2010 1403 2071 wollii
1424 2011 1568 2072 tationes

86 2105 149 2163 tina
170 2109 319 2163 memorat
336 2101 465 2164 Jaaobns
496 2102 654 2164 Echardus
678 2109 750 2163 torn.
773 2103 804 2164 4.
858 2103 1066 2164 memorabiles
1093 2109 1165 2164 tom.
1187 2107 1199 2166 4
1225 2120 1291 2183 pag.
1313 2101 1372 2164 489
1394 2119 1459 2181 seq.

88 2194 126 2255 da
145 2194 341 2274 scriptoribus
360 2197 563 2257 Dominiaanis
589 2214 653 2276 pag.
673 2199 740 2259 436.
766 2198 800 2258 ln
899 2193 1079 2258 Psaitermm
1098 2195 1197 2258 444444
1216 2195 1409 2271 chordarum,
1426 2196 1510 2257 libris
1523 2196 1573 2257 444.

86 2289 211 2349 loannis
241 2287 338 2350 Wolfii
359 2281 536 2351 lectionibus
559 2294 585 2366 a)
606 2291 803 2352 memorabili·
860 2291 1020 2371 inquibus
1050 2290 1088 2352 de
1114 2305 1236 2354 summa
1265 2292 1427 2364 Trinitata,
1448 2291 1574 2368 eiusque

86 2381 143 2444 bus
162 2387 236 2442 tam.
259 2385 286 2444 4.
307 2397 373 2462 pag.
395 2383 453 2444 446
475 2384 533 2444 468
556 2390 680 2446 exstant
698 2383 803 2446 444444·
859 2384 1064 2446 distinctione:
1098 2384 1136 2445 de
1168 2401 1295 2446 numero
1328 2385 1514 2446 Psalmorum
1542 2391 1576 2446 et

86 2493 136 2536 ma
151 2475 235 2537 XXX.
253 2475 290 2536 de
311 2475 503 2538 Pontificibus
520 2477 702 2553 llomanis,a
720 2479 804 2539 Nica·
858 2495 963 2540 aarum
983 2479 1101 2540 arcanis
1121 2493 1156 2539 aa
1190 2479 1327 2556 mysticis
1357 2476 1515 2538 sensibus:
1537 2475 1575 2536 da

86 2570 131 2632 laa
155 2571 208 2632 ill.
231 2569 269 2631 ad
296 2572 502 2632 Innocentium
525 2571 603 2651 Vill.¹
621 2571 650 2646 bl
673 2587 801 2648 quornm
857 2569 1039 2632 l'salmndia:
1059 2571 1097 2632 de
1120 2569 1208 2631 mado
1228 2577 1260 2630 et
1280 2585 1338 2632 nsu
1367 2568 1514 2648 psallendi
1535 2571 1575 2629 si-

85 2671 201 2743 partem
215 2663 392 2726 44Νὸ84440
405 2662 575 2725 4444444444
591 2664 651 2740 alii,
670 2665 719 2726 alii
735 2669 802 2728 uni·
859 2664 921 2724 mul
944 2671 976 2724 et
997 2663 1201 2742 psallentium.
1221 2661 1329 2726 Venet.
1353 2663 1433 2724 4547
1455 2663 1483 2723 4.
1503 2679 1574 2723 curn

85 2773 173 2819 versa
189 2757 344 2819 inachima
358 2758 504 2833 tribuunt,
520 2773 658 2820 unacum
673 2759 799 2821 totidem
858 2757 1011 2836 prophetia
1040 2759 1163 2818 inventa
1193 2773 1210 2816 a
1231 2753 1421 2828 asunnuo'
1443 2753 1574 2828 Odanis,

85 2851 272 2930 imaginibus,
290 2851 369 2929 ligno
386 2849 555 2928 descriptis.
577 2839 720 2930 Sequitur
735 2870 801 2933 pag.
858 2850 928 2910 Ord.
951 2853 1053 2911 llinor.
1074 2857 1106 2912 et
1130 2851 1266 2931 Hymna,
1286 2849 1411 2910 Abbatis
1437 2846 1572 2908 inachim

87 2945 154 3006 459.
178 2943 320 3022 (praelixa
347 2945 446 3004 etiam¹
459 2947 523 3023 ipsa
545 2947 573 3005 in
595 2947 682 3007 titula
702 2947 804 3008 lectio-
857 2943 893 3004 de
905 2945 1010 3023 patrio
1026 2941 1152 3006 44444444.

87 3056 158 3100 num
190 3037 298 3113 Woliii)
320 3035 465 3101 Joaahimi
486 3040 569 3099 ‘liotc
588 3055 606 3100 a
627 3041 676 3099 Pio
697 3041 745 3101 44.
768 3046 802 3102 44
896 3041 993 3116 Super
1013 3035 1157 3112 8444444,
1178 3043 1210 3098 44
1236 3053 1327 3115 snper
1359 3035 1568 3097 4444444464-

85 3131 176 3212 ajunt,
199 3135 230 3192 in
248 3131 325 3192 Solis
341 3137 372 3192 et
390 3133 490 3192 Lunae
508 3133 636 3212 imagine
656 3135 803 3213 incipiens
858 3131 951 3210 pilula
981 3128 1120 3205 Natam,
1152 3126 1314 3200 Halaesa,
1345 3127 1515 3190 2444444444
1540 3135 1571 3188 44

87 3232 117 3285 44
136 3226 238 3287 lutura
258 3224 296 3284 de
324 3223 516 3287 Pontificibus
540 3225 721 3304 significans
744 3229 803 3290 Po·
856 3221 1043 3296 Malachiae,
1063 3239 1133 3285 curn
1155 3224 1294 3302 plurimis
1310 3225 1437 3283 internis
1452 3228 1484 3282 et
1506 3237 1572 3298 my·

23 3303 27 3316 ’
84 3317 211 3380 44444444
238 3315 397 3397 4449444444
424 3321 659 3396 annotationes,
691 3321 802 3397 quibus
856 3321 940 3378 stiais
960 3333 1113 3378 sacrarum
1134 3317 1303 3378 litterarum
1318 3317 1519 3378 intellectibus
1540 3322 1573 3378 et

85 3413 195 3492 igunae
216 3413 361 3489 mysticae
376 3413 539 3490 imaginum
556 3413 746 3492 explicantur
758 3429 797 3474 ex
854 3412 892 3472 de
923 3411 1064 3472 oneribus
1096 3413 1125 3469 in
1157 3409 1267 3472 Orbem
1296 3412 1472 3473 universum
1505 3411 1572 3470 sire

84 3506 151 3568 edit.
173 3508 280 3567 Venet.
303 3507 463 3585 iaus-pag.
479 3508 536 3568 459
555 3507 613 3567 466
633 3505 798 3590 744444444-
855 3522 979 3585 magnae
999 3505 1094 3583 partis
1113 3503 1203 3567 Orbis
1230 3509 1380 3566 tertarum
1404 3505 1572 3566 Civitatum

85 3605 126 3661 sto
155 3596 317 3661 Pcrcaelra
336 3599 466 3660 tributae
493 3607 603 3676 notae,
625 3618 696 3664 cum
719 3605 797 3663 natis
854 3599 1017 3659 vaticiniis.
1039 3597 1135 3658 Venet
1157 3595 1235 3659 4547
1254 3599 1281 3658 4.
1299 3597 1372 3658 Vide
1386 3597 1487 3658 Woliii
1501 3598 1571 3659 lect.

87 3692 300 3774 marginalibus
319 3691 430 3753 Adurni
447 3693 603 3756 4444444444
626 3697 800 3775 interpretis
855 3692 1013 3754 manabiles
1033 3697 1106 3753 tom.
1128 3694 1156 3765 i,
1177 3707 1243 3771 pag.
1266 3690 1334 3752 l88.

89 3804 152 3867 pag.
174 3787 233 3848 466
256 3787 313 3850 483
334 3787 686 3850 444444544444444444
704 3788 802 3850 Adra-
896 3789 993 3865 Super
1016 3783 1180 3846 444444444
1213 3783 1412 3864 Prophetam,
1433 3782 1470 3845 ad
1493 3784 1572 3844 lien-

91 3880 158 3941 sder
172 3897 241 3959 pag.
264 3880 321 3942 489
340 3879 406 3940 488.
426 3881 603 3959 Explanatio
625 3880 717 3942 Pauli
730 3883 803 3944 Sea·
856 3883 952 3940 riaum
972 3880 1020 3940 vi.
1043 3881 1117 3957 imp.
1139 3880 1245 3939 venet.
1267 3880 1346 3939 4549
1369 3879 1447 3940 isui
1468 3878 1496 3936 4.
1517 3876 1574 3937 Cn-

10 4019 12 4040 .
90 3971 174 4053 lipari
189 3977 256 4034 sire
276 3970 313 4034 de
332 3971 443 4049 Scala,
471 3975 627 4035 Paracelso
647 3976 800 4054 opposita,
855 3973 914 4032 lon.
936 3970 1014 4032 4577
1035 3971 1053 4030 8
1075 3971 1124 4031 ubi
1142 3971 1293 4032 interulis
1314 3969 1449 4048 disputat
1470 3966 1573 4028 444444-
1637 4041 1639 4046 Α

10 4089 11 4098 ¹
87 4067 190 4145 prodiit
211 4083 281 4129 cum
303 4067 370 4128 aliis
389 4067 456 4144 eius
472 4068 594 4145 scriptis
606 4067 708 4130 Calon.
723 4067 800 4129 45744
857 4062 934 4124 siam
956 4061 1129 4138 Gamalam,
1152 4081 1232 4142 quaa
1248 4079 1326 4122 maa
1345 4057 1479 4140 Babylon
1497 4075 1574 4120 nun·

92 4162 117 4220 4.
134 4161 216 4223 unde
236 4157 481 4234 emendandum,
499 4161 549 4222 ubi
565 4159 801 4240 44444444εὸ44-
855 4161 1002 4237 capsur,
1028 4152 1093 4235 [444
1126 4152 1240 4234 triplici
1266 4151 1492 4234 percutiendam
1516 4151 1574 4230 sla·

88 4253 156 4334 liger
175 4253 322 4315 loaahimi
352 4255 492 4316 vaticinia
523 4253 690 4316 illustrasse
710 4251 801 4316 tradi·
853 4247 944 4330 94444·
975 4245 1184 4327 temporalium
1209 4245 1323 4309 44444444
1353 4243 1512 4308 amoenae
1532 4241 1572 4304 ab

87 4351 141 4408 tur.
177 4345 281 4408 ltaliae
311 4347 431 4426 saepius
460 4346 601 4408 viderunt
621 4349 742 4426 lunam,
766 4356 800 4411 ut
855 4342 1088 4404 Alamannorum
1109 4340 1261 4418 impera,
1283 4339 1411 4402 44444444
1433 4337 1570 4413 haeresi,

88 4440 187 4503 tenet.
207 4441 285 4502 4589
301 4441 379 4502 4669
394 4441 470 4503 4646
488 4439 516 4502 4.
531 4442 574 4500 De
588 4441 736 4503 similibus
748 4456 802 4504 va·
858 4444 889 4499 et
913 4435 1079 4516 praecipue
1109 4453 1130 4495 a
1166 4431 1346 4507 Potarenir,
1377 4431 1414 4493 de
1444 4447 1573 4512 quemme

89 4537 193 4596 ticiniis
214 4535 291 4595 inira
311 4535 342 4594 in
364 4533 558 4597 uniscunt
580 4535 716 4596 Hiberna.
855 4535 936 4592 secta
961 4535 1021 4590 4444
1047 4528 1189 4609 myrteus
1220 4525 1440 4591 carlomano:
1460 4524 1566 4599 444444,

129 4679 152 4736 a)
168 4681 252 4728 Prima
263 4679 340 4740 editio
353 4678 447 4744 prodiit
457 4683 581 4742 turingea
591 4684 620 4728 Δ.
632 4677 700 4731 ruas.
710 4693 802 4732 maun.
851 4619 1010 4727 9Μίῳὸ
1030 4617 1203 4726 I'fiddffiuf
1223 4626 1254 4680 εἴ
1265 4618 1446 4699 mmm
1463 4616 1569 4679 um·

89 4753 118 4800 4.
134 4753 249 4814 nume,
265 4751 336 4803 1055,
352 4753 393 4804 rot.
853 4721 987 4777 44444444.
1015 4715 1053 4775 lle
1081 4719 1143 4774 tres
1170 4711 1261 4774 44444
1283 4716 1439 4794 assurgent
1462 4715 1568 4772 444444

133 4827 160 4888 n)
178 4833 239 4880 rere
256 4831 369 4889 samur,
385 4833 453 4880 4444.
469 4830 602 4894 propylaeo
618 4842 675 4892 pag.
690 4829 746 4880 sle.
848 4807 1067 4891 sornieariam,
1084 4813 1120 4868 ut
1138 4823 1204 4868 eam
1219 4806 1340 4888 peritia
1357 4810 1571 4909 prosternant,
1658 4881 1664 4886 ι

1276 4932 1327 4994 tat
