<?xml version="1.0" encoding="UTF-8"?>
<!DOCTYPE html PUBLIC "-//W3C//DTD XHTML 1.0 Transitional//EN"
    "http://www.w3.org/TR/xhtml1/DTD/xhtml1-transitional.dtd">
<html xmlns="http://www.w3.org/1999/xhtml" xml:lang="en" lang="en">
 <head>
  <title>
</title>
<meta http-equiv="Content-Type" content="text/html;charset=utf-8" />
  <meta name='ocr-system' content='tesseract 3.04.00' />
  <meta name='ocr-capabilities' content='ocr_page ocr_carea ocr_par ocr_line ocrx_word'/>
</head>
<body>
  <div class='ocr_page' id='page_1' title='image "./bibliothecalati00schgoog/bibliothecalati00schgoog_0513.png"; bbox 0 0 3608 5604; ppageno 0'>
   <div class='ocr_carea' id='block_1_1' title="bbox 242 85 1086 158">
    <p class='ocr_par' dir='ltr' id='par_1_1' title="bbox 242 85 1086 158">
     <span class='ocr_line' id='line_1_1' title="bbox 242 85 1086 158; baseline -0.008 -1"><span class='ocrx_word' id='word_1_1' title='bbox 242 91 304 158; x_wconf 75' lang='grc'><strong>508</strong></span> <span class='ocrx_word' id='word_1_2' title='bbox 860 85 1086 150; x_wconf 85' lang='lat' dir='ltr'><strong>LANNOY</strong></span> 
     </span>
    </p>
   </div>
   <div class='ocr_carea' id='block_1_2' title="bbox 241 193 1683 462">
    <p class='ocr_par' dir='ltr' id='par_1_2' title="bbox 241 193 1683 462">
     <span class='ocr_line' id='line_1_2' title="bbox 241 193 1677 276; baseline 0.002 -15"><span class='ocrx_word' id='word_1_3' title='bbox 241 201 396 262; x_wconf 79' lang='lat' dir='ltr'><strong>occasione</strong></span> <span class='ocrx_word' id='word_1_4' title='bbox 407 195 600 257; x_wconf 88' lang='lat' dir='ltr'><strong>innocentius</strong></span> <span class='ocrx_word' id='word_1_5' title='bbox 611 195 650 256; x_wconf 96' lang='lat' dir='ltr'><strong>lll</strong></span> <span class='ocrx_word' id='word_1_6' title='bbox 663 193 761 256; x_wconf 86' lang='lat' dir='ltr'><strong>eidem</strong></span> <span class='ocrx_word' id='word_1_7' title='bbox 775 196 871 256; x_wconf 90' lang='lat' dir='ltr'><strong>astitit</strong></span> <span class='ocrx_word' id='word_1_8' title='bbox 884 211 954 257; x_wconf 85' lang='lat' dir='ltr'><strong>eum</strong></span> <span class='ocrx_word' id='word_1_9' title='bbox 1010 201 1155 275; x_wconf 87' lang='lat' dir='ltr'><strong>vergente</strong></span> <span class='ocrx_word' id='word_1_10' title='bbox 1167 195 1257 271; x_wconf 92' lang='lat' dir='ltr'><strong>obiit,</strong></span> <span class='ocrx_word' id='word_1_11' title='bbox 1272 199 1301 256; x_wconf 94' lang='lat' dir='ltr'><strong>in</strong></span> <span class='ocrx_word' id='word_1_12' title='bbox 1319 211 1406 275; x_wconf 84' lang='lat' dir='ltr'><strong>qoem</strong></span> <span class='ocrx_word' id='word_1_13' title='bbox 1421 197 1677 276; x_wconf 81' lang='lat' dir='ltr'><strong>Ugolinosherinus·</strong></span> 
     </span>
     <span class='ocr_line' id='line_1_3' title="bbox 242 289 1683 370; baseline 0.001 -15"><span class='ocrx_word' id='word_1_14' title='bbox 242 295 355 367; x_wconf 85' lang='grc'>0000000,</span> <span class='ocrx_word' id='word_1_15' title='bbox 372 298 437 351; x_wconf 93' lang='lat' dir='ltr'><strong>tum</strong></span> <span class='ocrx_word' id='word_1_16' title='bbox 455 289 545 350; x_wconf 90' lang='lat' dir='ltr'><strong>etiam</strong></span> <span class='ocrx_word' id='word_1_17' title='bbox 565 290 663 363; x_wconf 87' lang='lat' dir='ltr'><strong>minis,</strong></span> <span class='ocrx_word' id='word_1_18' title='bbox 681 289 807 367; x_wconf 87' lang='lat' dir='ltr'><strong>aliisque</strong></span> <span class='ocrx_word' id='word_1_19' title='bbox 824 290 955 351; x_wconf 80' lang='grc'>0000000-</span> <span class='ocrx_word' id='word_1_20' title='bbox 1024 303 1224 363; x_wconf 78' lang='lat' dir='ltr'><strong>re,tepe‚mou</strong></span> <span class='ocrx_word' id='word_1_21' title='bbox 1239 303 1442 363; x_wconf 71' lang='lat' dir='ltr'><strong>hurmemnhnu</strong></span> <span class='ocrx_word' id='word_1_22' title='bbox 1459 303 1575 356; x_wconf 78' lang='lat' dir='ltr'><strong>tortium</strong></span> <span class='ocrx_word' id='word_1_23' title='bbox 1591 313 1683 370; x_wconf 74' lang='lat' dir='ltr'><strong>pecore,</strong></span> 
     </span>
     <span class='ocr_line' id='line_1_4' title="bbox 241 373 1622 462; baseline -0.003 -14"><span class='ocrx_word' id='word_1_24' title='bbox 241 387 314 448; x_wconf 89' lang='lat' dir='ltr'><strong>tatis</strong></span> <span class='ocrx_word' id='word_1_25' title='bbox 330 382 517 462; x_wconf 88' lang='lat' dir='ltr'><strong>Apostolicae</strong></span> <span class='ocrx_word' id='word_1_26' title='bbox 534 383 636 442; x_wconf 90' lang='lat' dir='ltr'><strong>armis.</strong></span> <span class='ocrx_word' id='word_1_27' title='bbox 655 384 687 442; x_wconf 90' lang='grc'><strong>10</strong></span> <span class='ocrx_word' id='word_1_28' title='bbox 706 389 767 442; x_wconf 89' lang='grc'>0000</span> <span class='ocrx_word' id='word_1_29' title='bbox 787 382 841 443; x_wconf 89' lang='lat' dir='ltr'><strong>hac</strong></span> <span class='ocrx_word' id='word_1_30' title='bbox 858 373 954 443; x_wconf 84' lang='lat' dir='ltr'><strong>¹causa</strong></span> <span class='ocrx_word' id='word_1_31' title='bbox 1020 373 1622 444; x_wconf 56' lang='grc' dir='ltr'>100000ΜΜΜΜΜΜἎΝΜΜΜ·</span> 
     </span>
    </p>
   </div>
   <div class='ocr_carea' id='block_1_3' title="bbox 240 474 1682 565">
    <p class='ocr_par' dir='ltr' id='par_1_3' title="bbox 240 474 1682 565">
     <span class='ocr_line' id='line_1_5' title="bbox 240 474 1682 565; baseline 0.005 -24"><span class='ocrx_word' id='word_1_32' title='bbox 240 481 342 542; x_wconf 81' lang='lat' dir='ltr'><strong>literas</strong></span> <span class='ocrx_word' id='word_1_33' title='bbox 373 478 451 539; x_wconf 92' lang='lat' dir='ltr'><strong>ultro</strong></span> <span class='ocrx_word' id='word_1_34' title='bbox 482 477 618 554; x_wconf 88' lang='lat' dir='ltr'><strong>citroque</strong></span> <span class='ocrx_word' id='word_1_35' title='bbox 641 478 749 536; x_wconf 90' lang='lat' dir='ltr'><strong>missas</strong></span> <span class='ocrx_word' id='word_1_36' title='bbox 771 474 850 555; x_wconf 91' lang='lat' dir='ltr'><strong>apud</strong></span> <span class='ocrx_word' id='word_1_37' title='bbox 871 493 956 536; x_wconf 88' lang='lat' dir='ltr'><strong>eum·</strong></span> <span class='ocrx_word' id='word_1_38' title='bbox 1010 476 1082 538; x_wconf 86' lang='lat' dir='ltr'><strong>Vide</strong></span> <span class='ocrx_word' id='word_1_39' title='bbox 1100 477 1237 539; x_wconf 83' lang='lat' dir='ltr'><strong>vossium</strong></span> <span class='ocrx_word' id='word_1_40' title='bbox 1257 497 1321 558; x_wconf 85' lang='lat' dir='ltr'>pag.</span> <span class='ocrx_word' id='word_1_41' title='bbox 1340 481 1405 542; x_wconf 85' lang='grc'>807.</span> <span class='ocrx_word' id='word_1_42' title='bbox 1421 492 1451 542; x_wconf 88' lang='grc'><strong>00</strong></span> <span class='ocrx_word' id='word_1_43' title='bbox 1466 483 1567 544; x_wconf 85' lang='lat' dir='ltr'><strong>iulium</strong></span> <span class='ocrx_word' id='word_1_44' title='bbox 1583 487 1682 565; x_wconf 88' lang='lat' dir='ltr'><strong>Nigmm</strong></span> 
     </span>
    </p>
   </div>
   <div class='ocr_carea' id='block_1_4' title="bbox 240 570 1766 664">
    <p class='ocr_par' dir='ltr' id='par_1_4' title="bbox 240 570 1766 664">
     <span class='ocr_line' id='line_1_6' title="bbox 240 570 1766 664; baseline 0.005 -31"><span class='ocrx_word' id='word_1_45' title='bbox 240 572 309 633; x_wconf 91' lang='lat' dir='ltr'><strong>dem</strong></span> <span class='ocrx_word' id='word_1_46' title='bbox 327 570 429 632; x_wconf 83' lang='lat' dir='ltr'><strong>habes.</strong></span> <span class='ocrx_word' id='word_1_47' title='bbox 935 591 942 600; x_wconf 61' lang='lat'>=</span> <span class='ocrx_word' id='word_1_48' title='bbox 1012 570 1260 650; x_wconf 87' lang='lat' dir='ltr'><strong>descriptoribus</strong></span> <span class='ocrx_word' id='word_1_49' title='bbox 1279 574 1451 634; x_wconf 81' lang='lat' dir='ltr'><strong>Florentinis</strong></span> <span class='ocrx_word' id='word_1_50' title='bbox 1477 593 1536 654; x_wconf 90' lang='lat' dir='ltr'><strong>pag.</strong></span> <span class='ocrx_word' id='word_1_51' title='bbox 1554 577 1614 638; x_wconf 84' lang='lat' dir='ltr'><strong>ate.</strong></span> <span class='ocrx_word' id='word_1_52' title='bbox 1628 583 1683 642; x_wconf 83' lang='lat' dir='ltr'><strong>ier·</strong></span> <span class='ocrx_word' id='word_1_53' title='bbox 1764 577 1766 664; x_wconf 59' lang='grc' dir='ltr'>ζ</span> 
     </span>
    </p>
   </div>
   <div class='ocr_carea' id='block_1_5' title="bbox 280 660 1766 750">
    <p class='ocr_par' dir='ltr' id='par_1_5' title="bbox 280 660 1766 750">
     <span class='ocr_line' id='line_1_7' title="bbox 280 660 1766 750; baseline 0.005 -23"><span class='ocrx_word' id='word_1_54' title='bbox 280 662 432 728; x_wconf 81' lang='lat' dir='ltr'><strong>Gitbcrhu</strong></span> <span class='ocrx_word' id='word_1_55' title='bbox 449 662 602 724; x_wconf 89' lang='lat' dir='ltr'><strong>LANNOY</strong></span> <span class='ocrx_word' id='word_1_56' title='bbox 623 661 712 740; x_wconf 81' lang='lat' dir='ltr'><strong>cujus</strong></span> <span class='ocrx_word' id='word_1_57' title='bbox 735 663 796 722; x_wconf 84' lang='lat' dir='ltr'><strong>lter</strong></span> <span class='ocrx_word' id='word_1_58' title='bbox 814 666 879 722; x_wconf 85' lang='lat' dir='ltr'><strong>sive</strong></span> <span class='ocrx_word' id='word_1_59' title='bbox 907 660 956 722; x_wconf 85' lang='lat' dir='ltr'><strong>de·</strong></span> <span class='ocrx_word' id='word_1_60' title='bbox 1010 667 1047 724; x_wconf 91' lang='lat' dir='ltr'><strong>tit</strong></span> <span class='ocrx_word' id='word_1_61' title='bbox 1064 665 1155 726; x_wconf 92' lang='lat' dir='ltr'><strong>libros</strong></span> <span class='ocrx_word' id='word_1_62' title='bbox 1172 667 1223 726; x_wconf 85' lang='lat' dir='ltr'><strong>xl.</strong></span> <span class='ocrx_word' id='word_1_63' title='bbox 1246 665 1464 746; x_wconf 77' lang='lat' dir='ltr'><strong>Antiquitatum</strong></span> <span class='ocrx_word' id='word_1_64' title='bbox 1482 669 1684 750; x_wconf 81' lang='lat' dir='ltr'><strong>ltioupsiilioti·</strong></span> <span class='ocrx_word' id='word_1_65' title='bbox 1764 677 1766 720; x_wconf 77' lang='lat' dir='ltr'><strong>i</strong></span> 
     </span>
    </p>
   </div>
   <div class='ocr_carea' id='block_1_6' title="bbox 240 753 1686 1120">
    <p class='ocr_par' dir='ltr' id='par_1_6' title="bbox 240 753 1686 1120">
     <span class='ocr_line' id='line_1_8' title="bbox 240 753 1684 841; baseline 0.003 -20"><span class='ocrx_word' id='word_1_66' title='bbox 240 757 366 838; x_wconf 76' lang='lat' dir='ltr'><strong>scriptio</strong></span> <span class='ocrx_word' id='word_1_67' title='bbox 379 753 631 838; x_wconf 80' lang='lat' dir='ltr'><strong>perepriuutiouis</strong></span> <span class='ocrx_word' id='word_1_68' title='bbox 646 755 680 815; x_wconf 91' lang='lat' dir='ltr'><strong>A.</strong></span> <span class='ocrx_word' id='word_1_69' title='bbox 698 756 785 816; x_wconf 88' lang='grc'>0000.</span> <span class='ocrx_word' id='word_1_70' title='bbox 798 761 956 834; x_wconf 84' lang='lat' dir='ltr'><strong>susceptae</strong></span> <span class='ocrx_word' id='word_1_71' title='bbox 1009 758 1182 834; x_wconf 85' lang='lat' dir='ltr'><strong>coruossei,</strong></span> <span class='ocrx_word' id='word_1_72' title='bbox 1199 762 1325 821; x_wconf 83' lang='lat' dir='ltr'><strong>Tarvisii</strong></span> <span class='ocrx_word' id='word_1_73' title='bbox 1347 761 1433 822; x_wconf 90' lang='grc'>0080.</span> <span class='ocrx_word' id='word_1_74' title='bbox 1454 762 1500 822; x_wconf 86' lang='lat' dir='ltr'><strong>iol.</strong></span> <span class='ocrx_word' id='word_1_75' title='bbox 1520 767 1684 841; x_wconf 79' lang='grc'>0001000000-</span> 
     </span>
     <span class='ocr_line' id='line_1_9' title="bbox 241 849 1684 934; baseline 0.001 -20"><span class='ocrx_word' id='word_1_76' title='bbox 241 871 295 934; x_wconf 91' lang='lat' dir='ltr'><strong>per</strong></span> <span class='ocrx_word' id='word_1_77' title='bbox 316 854 484 931; x_wconf 87' lang='lat' dir='ltr'><strong>AEgypturn</strong></span> <span class='ocrx_word' id='word_1_78' title='bbox 500 893 507 924; x_wconf 90' lang='lat'><strong>,</strong></span> <span class='ocrx_word' id='word_1_79' title='bbox 526 851 643 927; x_wconf 82' lang='lat' dir='ltr'><strong>Syriam</strong></span> <span class='ocrx_word' id='word_1_80' title='bbox 667 849 801 927; x_wconf 87' lang='lat' dir='ltr'><strong>aliasque</strong></span> <span class='ocrx_word' id='word_1_81' title='bbox 818 849 956 927; x_wconf 81' lang='lat' dir='ltr'><strong>regiones</strong></span> <span class='ocrx_word' id='word_1_82' title='bbox 1008 851 1113 913; x_wconf 91' lang='lat' dir='ltr'><strong>dinum</strong></span> <span class='ocrx_word' id='word_1_83' title='bbox 1131 853 1280 914; x_wconf 74' lang='lat' dir='ltr'><strong>(helerium</strong></span> <span class='ocrx_word' id='word_1_84' title='bbox 1297 852 1334 914; x_wconf 92' lang='lat' dir='ltr'><strong>de</strong></span> <span class='ocrx_word' id='word_1_85' title='bbox 1351 855 1464 914; x_wconf 89' lang='lat' dir='ltr'><strong>Luere:</strong></span> <span class='ocrx_word' id='word_1_86' title='bbox 1481 861 1510 914; x_wconf 89' lang='lat' dir='ltr'><strong>et</strong></span> <span class='ocrx_word' id='word_1_87' title='bbox 1525 857 1597 934; x_wconf 86' lang='lat' dir='ltr'><strong>liegii</strong></span> <span class='ocrx_word' id='word_1_88' title='bbox 1616 855 1684 918; x_wconf 85' lang='grc'>0000,</span> 
     </span>
     <span class='ocr_line' id='line_1_10' title="bbox 240 942 1686 1024; baseline 0.002 -15"><span class='ocrx_word' id='word_1_89' title='bbox 240 947 381 1009; x_wconf 84' lang='lat' dir='ltr'><strong>exstabat</strong></span> <span class='ocrx_word' id='word_1_90' title='bbox 402 945 460 1006; x_wconf 85' lang='lat' dir='ltr'><strong>us.</strong></span> <span class='ocrx_word' id='word_1_91' title='bbox 476 944 633 1004; x_wconf 82' lang='lat' dir='ltr'><strong>bruxellae.</strong></span> <span class='ocrx_word' id='word_1_92' title='bbox 652 944 681 1001; x_wconf 93' lang='lat' dir='ltr'><strong>in</strong></span> <span class='ocrx_word' id='word_1_93' title='bbox 699 943 879 1004; x_wconf 83' lang='lat' dir='ltr'><strong>Bibliotheca</strong></span> <span class='ocrx_word' id='word_1_94' title='bbox 896 942 956 1002; x_wconf 92' lang='lat' dir='ltr'><strong>Au·</strong></span> <span class='ocrx_word' id='word_1_95' title='bbox 1009 945 1058 1004; x_wconf 89' lang='lat' dir='ltr'><strong>iol.</strong></span> <span class='ocrx_word' id='word_1_96' title='bbox 1080 962 1134 1024; x_wconf 88' lang='lat' dir='ltr'><strong>per</strong></span> <span class='ocrx_word' id='word_1_97' title='bbox 1153 947 1344 1008; x_wconf 78' lang='lat' dir='ltr'><strong>Franciscum</strong></span> <span class='ocrx_word' id='word_1_98' title='bbox 1366 947 1403 1008; x_wconf 91' lang='lat' dir='ltr'><strong>de</strong></span> <span class='ocrx_word' id='word_1_99' title='bbox 1420 949 1546 1009; x_wconf 88' lang='lat' dir='ltr'><strong>ltazalis.</strong></span> <span class='ocrx_word' id='word_1_100' title='bbox 1565 950 1629 1010; x_wconf 90' lang='lat' dir='ltr'><strong>ilinc</strong></span> <span class='ocrx_word' id='word_1_101' title='bbox 1646 953 1686 1012; x_wconf 87' lang='lat' dir='ltr'><strong>Pa-</strong></span> 
     </span>
     <span class='ocr_line' id='line_1_11' title="bbox 240 1035 1686 1120; baseline 0.002 -19"><span class='ocrx_word' id='word_1_102' title='bbox 240 1041 287 1102; x_wconf 87' lang='lat' dir='ltr'><strong>lae</strong></span> <span class='ocrx_word' id='word_1_103' title='bbox 311 1057 340 1098; x_wconf 95' lang='grc'><strong>0.</strong></span> <span class='ocrx_word' id='word_1_104' title='bbox 355 1039 424 1099; x_wconf 83' lang='grc'>560.</span> <span class='ocrx_word' id='word_1_105' title='bbox 440 1044 518 1096; x_wconf 88' lang='lat' dir='ltr'><strong>teste</strong></span> <span class='ocrx_word' id='word_1_106' title='bbox 532 1035 647 1096; x_wconf 87' lang='lat' dir='ltr'><strong>Valerio</strong></span> <span class='ocrx_word' id='word_1_107' title='bbox 664 1035 784 1097; x_wconf 88' lang='lat' dir='ltr'><strong>Andrea</strong></span> <span class='ocrx_word' id='word_1_108' title='bbox 802 1051 867 1114; x_wconf 88' lang='lat' dir='ltr'><strong>pag.</strong></span> <span class='ocrx_word' id='word_1_109' title='bbox 885 1035 954 1096; x_wconf 82' lang='grc'>088.</span> <span class='ocrx_word' id='word_1_110' title='bbox 1010 1039 1090 1098; x_wconf 87' lang='grc'>000000</span> <span class='ocrx_word' id='word_1_111' title='bbox 1108 1039 1196 1100; x_wconf 82' lang='grc'>0009.</span> <span class='ocrx_word' id='word_1_112' title='bbox 1213 1047 1362 1102; x_wconf 82' lang='lat' dir='ltr'><strong>recensita</strong></span> <span class='ocrx_word' id='word_1_113' title='bbox 1382 1058 1435 1120; x_wconf 86' lang='lat' dir='ltr'><strong>per</strong></span> <span class='ocrx_word' id='word_1_114' title='bbox 1451 1044 1529 1102; x_wconf 84' lang='lat' dir='ltr'><strong>viros</strong></span> <span class='ocrx_word' id='word_1_115' title='bbox 1544 1042 1651 1119; x_wconf 87' lang='lat' dir='ltr'><strong>doctos,</strong></span> <span class='ocrx_word' id='word_1_116' title='bbox 1663 1054 1686 1106; x_wconf 91' lang='lat' dir='ltr'><strong>et</strong></span> 
     </span>
    </p>
   </div>
   <div class='ocr_carea' id='block_1_7' title="bbox 240 1128 1767 1215">
    <p class='ocr_par' dir='ltr' id='par_1_7' title="bbox 240 1128 1767 1215">
     <span class='ocr_line' id='line_1_12' title="bbox 240 1128 1767 1215; baseline 0.001 -20"><span class='ocrx_word' id='word_1_117' title='bbox 240 1134 314 1195; x_wconf 80' lang='lat' dir='ltr'><strong>bibl</strong></span> <span class='ocrx_word' id='word_1_118' title='bbox 336 1131 492 1210; x_wconf 80' lang='lat' dir='ltr'><strong>Belgicae,</strong></span> <span class='ocrx_word' id='word_1_119' title='bbox 514 1145 582 1188; x_wconf 91' lang='lat' dir='ltr'><strong>uam</strong></span> <span class='ocrx_word' id='word_1_120' title='bbox 605 1130 633 1188; x_wconf 93' lang='lat' dir='ltr'><strong>in</strong></span> <span class='ocrx_word' id='word_1_121' title='bbox 656 1129 794 1190; x_wconf 88' lang='lat' dir='ltr'><strong>chertii</strong></span> <span class='ocrx_word' id='word_1_122' title='bbox 826 1128 955 1189; x_wconf 86' lang='lat' dir='ltr'><strong>Athenis</strong></span> <span class='ocrx_word' id='word_1_123' title='bbox 1008 1133 1096 1193; x_wconf 86' lang='lat' dir='ltr'><strong>Basil.</strong></span> <span class='ocrx_word' id='word_1_124' title='bbox 1115 1134 1201 1196; x_wconf 86' lang='grc'>0030.</span> <span class='ocrx_word' id='word_1_125' title='bbox 1221 1135 1269 1194; x_wconf 88' lang='lat' dir='ltr'><strong>iol.</strong></span> <span class='ocrx_word' id='word_1_126' title='bbox 1287 1135 1324 1195; x_wconf 86' lang='lat' dir='ltr'><strong>ab</strong></span> <span class='ocrx_word' id='word_1_127' title='bbox 1342 1136 1463 1196; x_wconf 90' lang='lat' dir='ltr'><strong>ilenrico</strong></span> <span class='ocrx_word' id='word_1_128' title='bbox 1480 1135 1686 1215; x_wconf 85' lang='lat' dir='ltr'><strong>Glareano,qoi</strong></span> <span class='ocrx_word' id='word_1_129' title='bbox 1766 1159 1767 1170; x_wconf 52' lang='lat'>¹</span> 
     </span>
    </p>
   </div>
   <div class='ocr_carea' id='block_1_8' title="bbox 241 1224 1687 1304">
    <p class='ocr_par' dir='ltr' id='par_1_8' title="bbox 241 1224 1687 1304">
     <span class='ocr_line' id='line_1_13' title="bbox 241 1224 1687 1304; baseline 0.001 -16"><span class='ocrx_word' id='word_1_130' title='bbox 241 1228 324 1290; x_wconf 89' lang='lat' dir='ltr'><strong>nulla</strong></span> <span class='ocrx_word' id='word_1_131' title='bbox 345 1226 439 1304; x_wconf 85' lang='lat' dir='ltr'><strong>hujus</strong></span> <span class='ocrx_word' id='word_1_132' title='bbox 460 1224 583 1285; x_wconf 81' lang='grc' dir='ltr'>000οοἰί</span> <span class='ocrx_word' id='word_1_133' title='bbox 605 1225 727 1282; x_wconf 84' lang='lat' dir='ltr'><strong>mentio.</strong></span> <span class='ocrx_word' id='word_1_134' title='bbox 1009 1225 1097 1285; x_wconf 87' lang='grc'>6000.</span> <span class='ocrx_word' id='word_1_135' title='bbox 1114 1243 1231 1288; x_wconf 89' lang='lat' dir='ltr'><strong>errores</strong></span> <span class='ocrx_word' id='word_1_136' title='bbox 1247 1229 1288 1288; x_wconf 94' lang='lat' dir='ltr'><strong>ait</strong></span> <span class='ocrx_word' id='word_1_137' title='bbox 1305 1243 1338 1288; x_wconf 91' lang='lat' dir='ltr'><strong>se</strong></span> <span class='ocrx_word' id='word_1_138' title='bbox 1355 1229 1520 1289; x_wconf 87' lang='lat' dir='ltr'><strong>sustulisse.</strong></span> <span class='ocrx_word' id='word_1_139' title='bbox 1535 1229 1610 1290; x_wconf 82' lang='lat' dir='ltr'><strong>Etsi</strong></span> <span class='ocrx_word' id='word_1_140' title='bbox 1633 1247 1687 1292; x_wconf 80' lang='lat' dir='ltr'><strong>cuc</strong></span> 
     </span>
    </p>
   </div>
   <div class='ocr_carea' id='block_1_9' title="bbox 1764 803 1766 928">
    <p class='ocr_par' dir='ltr' id='par_1_9' title="bbox 1764 803 1766 928">
     <span class='ocr_line' id='line_1_14' title="bbox 1764 803 1766 846; baseline 0 0"><span class='ocrx_word' id='word_1_141' title='bbox 1764 803 1766 846; x_wconf 95' lang='grc'><strong>0</strong></span> 
     </span>
     <span class='ocr_line' id='line_1_15' title="bbox 1764 855 1766 882; baseline 0 0"><span class='ocrx_word' id='word_1_142' title='bbox 1764 855 1766 882; x_wconf 85' lang='lat' dir='ltr'><strong>l</strong></span> 
     </span>
     <span class='ocr_line' id='line_1_16' title="bbox 1765 889 1766 928; baseline 0 0"><span class='ocrx_word' id='word_1_143' title='bbox 1765 889 1766 928; x_wconf 91' lang='lat' dir='ltr'><strong>l</strong></span> 
     </span>
    </p>
   </div>
   <div class='ocr_carea' id='block_1_10' title="bbox 1765 1079 1767 1242">
    <p class='ocr_par' dir='ltr' id='par_1_10' title="bbox 1765 1079 1767 1242">
     <span class='ocr_line' id='line_1_17' title="bbox 1766 1079 1767 1144; baseline 0 0"><span class='ocrx_word' id='word_1_144' title='bbox 1766 1079 1767 1144; x_wconf 92' lang='grc'><strong>0</strong></span> 
     </span>
     <span class='ocr_line' id='line_1_18' title="bbox 1765 1185 1767 1242; baseline 0 0"><span class='ocrx_word' id='word_1_145' title='bbox 1765 1185 1767 1242; x_wconf 89' lang='grc'>0</span> 
     </span>
    </p>
   </div>
   <div class='ocr_carea' id='block_1_11' title="bbox 282 1303 1768 1404">
    <p class='ocr_par' dir='ltr' id='par_1_11' title="bbox 282 1303 1768 1404">
     <span class='ocr_line' id='line_1_19' title="bbox 282 1303 1768 1404; baseline 0.002 -23"><span class='ocrx_word' id='word_1_146' title='bbox 282 1322 311 1382; x_wconf 88' lang='grc'><strong>0.</strong></span> <span class='ocrx_word' id='word_1_147' title='bbox 332 1317 603 1392; x_wconf 72' lang='lat' dir='ltr'><strong>carroperae,</strong></span> <span class='ocrx_word' id='word_1_148' title='bbox 621 1331 711 1394; x_wconf 75' lang='lat' dir='ltr'><strong>supra</strong></span> <span class='ocrx_word' id='word_1_149' title='bbox 727 1314 956 1378; x_wconf 76' lang='lat' dir='ltr'><strong>pausemus</strong></span> <span class='ocrx_word' id='word_1_150' title='bbox 1009 1319 1108 1398; x_wconf 74' lang='lat' dir='ltr'><strong>capus</strong></span> <span class='ocrx_word' id='word_1_151' title='bbox 1136 1319 1293 1400; x_wconf 75' lang='lat' dir='ltr'><strong>syrsurgro</strong></span> <span class='ocrx_word' id='word_1_152' title='bbox 1318 1303 1579 1402; x_wconf 61' lang='lat' dir='ltr'><strong>pillegrinum</strong></span> <span class='ocrx_word' id='word_1_153' title='bbox 1599 1341 1687 1404; x_wconf 69' lang='lat' dir='ltr'><strong>pah</strong></span> <span class='ocrx_word' id='word_1_154' title='bbox 1767 1325 1768 1336; x_wconf 49' lang='lat'>¹</span> 
     </span>
    </p>
   </div>
   <div class='ocr_carea' id='block_1_12' title="bbox 157 1411 1699 4858">
    <p class='ocr_par' dir='ltr' id='par_1_12' title="bbox 157 1411 1699 4858">
     <span class='ocr_line' id='line_1_20' title="bbox 243 1411 1687 1493; baseline -0.001 -16"><span class='ocrx_word' id='word_1_155' title='bbox 243 1414 454 1493; x_wconf 80' lang='lat' dir='ltr'><strong>Lugdunensis</strong></span> <span class='ocrx_word' id='word_1_156' title='bbox 475 1429 541 1491; x_wconf 84' lang='lat' dir='ltr'><strong>pag.</strong></span> <span class='ocrx_word' id='word_1_157' title='bbox 565 1411 632 1471; x_wconf 85' lang='grc'>000.</span> <span class='ocrx_word' id='word_1_158' title='bbox 1009 1411 1130 1488; x_wconf 79' lang='lat' dir='ltr'><strong>Lutrhe,</strong></span> <span class='ocrx_word' id='word_1_159' title='bbox 1148 1411 1242 1474; x_wconf 86' lang='lat' dir='ltr'><strong>mutto</strong></span> <span class='ocrx_word' id='word_1_160' title='bbox 1256 1413 1343 1474; x_wconf 88' lang='lat' dir='ltr'><strong>etium</strong></span> <span class='ocrx_word' id='word_1_161' title='bbox 1358 1414 1477 1475; x_wconf 87' lang='lat' dir='ltr'><strong>sinistre</strong></span> <span class='ocrx_word' id='word_1_162' title='bbox 1493 1415 1597 1493; x_wconf 85' lang='lat' dir='ltr'><strong>uertit,</strong></span> <span class='ocrx_word' id='word_1_163' title='bbox 1613 1421 1687 1476; x_wconf 80' lang='grc'>00000</span> 
     </span>
     <span class='ocr_line' id='line_1_21' title="bbox 286 1503 1688 1588; baseline 0 -18"><span class='ocrx_word' id='word_1_164' title='bbox 286 1507 536 1570; x_wconf 82' lang='lat' dir='ltr'><strong>LANTFREDUS</strong></span> <span class='ocrx_word' id='word_1_165' title='bbox 553 1505 618 1566; x_wconf 87' lang='lat' dir='ltr'><strong>sive</strong></span> <span class='ocrx_word' id='word_1_166' title='bbox 636 1503 879 1564; x_wconf 83' lang='lat' dir='ltr'><strong>LANTFlilDUS.</strong></span> <span class='ocrx_word' id='word_1_167' title='bbox 900 1503 957 1564; x_wconf 92' lang='lat' dir='ltr'><strong>Su·</strong></span> <span class='ocrx_word' id='word_1_168' title='bbox 1010 1503 1083 1587; x_wconf 80' lang='lat' dir='ltr'><strong>quio</strong></span> <span class='ocrx_word' id='word_1_169' title='bbox 1102 1504 1177 1567; x_wconf 86' lang='lat' dir='ltr'><strong>duos</strong></span> <span class='ocrx_word' id='word_1_170' title='bbox 1197 1512 1328 1568; x_wconf 84' lang='lat' dir='ltr'><strong>uetustos</strong></span> <span class='ocrx_word' id='word_1_171' title='bbox 1350 1507 1470 1570; x_wconf 82' lang='lat' dir='ltr'><strong>Codices</strong></span> <span class='ocrx_word' id='word_1_172' title='bbox 1490 1527 1562 1588; x_wconf 89' lang='lat' dir='ltr'><strong>quos</strong></span> <span class='ocrx_word' id='word_1_173' title='bbox 1587 1511 1688 1572; x_wconf 89' lang='lat' dir='ltr'><strong>aPaulo</strong></span> 
     </span>
     <span class='ocr_line' id='line_1_22' title="bbox 243 1597 1689 1684; baseline -0.001 -21"><span class='ocrx_word' id='word_1_174' title='bbox 243 1619 320 1684; x_wconf 90' lang='lat' dir='ltr'><strong>pra,</strong></span> <span class='ocrx_word' id='word_1_175' title='bbox 338 1597 563 1661; x_wconf 76' lang='lat' dir='ltr'><strong>LAllliililDUS.</strong></span> <span class='ocrx_word' id='word_1_176' title='bbox 1011 1600 1047 1660; x_wconf 94' lang='lat' dir='ltr'><strong>ll.</strong></span> <span class='ocrx_word' id='word_1_177' title='bbox 1064 1607 1241 1679; x_wconf 85' lang='lat' dir='ltr'><strong>acceperat,</strong></span> <span class='ocrx_word' id='word_1_178' title='bbox 1259 1600 1290 1660; x_wconf 89' lang='lat' dir='ltr'><strong>iu</strong></span> <span class='ocrx_word' id='word_1_179' title='bbox 1306 1617 1362 1661; x_wconf 87' lang='lat' dir='ltr'><strong>suo</strong></span> <span class='ocrx_word' id='word_1_180' title='bbox 1377 1601 1507 1662; x_wconf 83' lang='grc'>00000000</span> <span class='ocrx_word' id='word_1_181' title='bbox 1523 1607 1632 1663; x_wconf 75' lang='lat' dir='ltr'><strong>secubo</strong></span> <span class='ocrx_word' id='word_1_182' title='bbox 1644 1608 1689 1676; x_wconf 86' lang='lat' dir='ltr'><strong>ut,</strong></span> 
     </span>
     <span class='ocr_line' id='line_1_23' title="bbox 284 1686 1691 1777; baseline 0.002 -23"><span class='ocrx_word' id='word_1_183' title='bbox 284 1693 405 1756; x_wconf 87' lang='lat' dir='ltr'><strong>LANZO</strong></span> <span class='ocrx_word' id='word_1_184' title='bbox 426 1691 527 1753; x_wconf 92' lang='lat' dir='ltr'><strong>Abbas</strong></span> <span class='ocrx_word' id='word_1_185' title='bbox 556 1692 586 1752; x_wconf 93' lang='lat' dir='ltr'><strong>S.</strong></span> <span class='ocrx_word' id='word_1_186' title='bbox 615 1689 766 1750; x_wconf 78' lang='lat' dir='ltr'><strong>Michaelis</strong></span> <span class='ocrx_word' id='word_1_187' title='bbox 786 1686 824 1750; x_wconf 95' lang='lat' dir='ltr'><strong>ad</strong></span> <span class='ocrx_word' id='word_1_188' title='bbox 845 1688 956 1748; x_wconf 87' lang='lat' dir='ltr'><strong>blesam</strong></span> <span class='ocrx_word' id='word_1_189' title='bbox 1012 1697 1042 1753; x_wconf 85' lang='lat' dir='ltr'><strong>ct</strong></span> <span class='ocrx_word' id='word_1_190' title='bbox 1067 1690 1193 1753; x_wconf 85' lang='lat' dir='ltr'><strong>verbum</strong></span> <span class='ocrx_word' id='word_1_191' title='bbox 1220 1692 1311 1754; x_wconf 81' lang='grc'>00000</span> <span class='ocrx_word' id='word_1_192' title='bbox 1331 1694 1455 1756; x_wconf 80' lang='lat' dir='ltr'><strong>reddere</strong></span> <span class='ocrx_word' id='word_1_193' title='bbox 1473 1695 1597 1770; x_wconf 84' lang='lat' dir='ltr'><strong>studuit,</strong></span> <span class='ocrx_word' id='word_1_194' title='bbox 1622 1713 1691 1777; x_wconf 77' lang='lat' dir='ltr'><strong>scope</strong></span> 
     </span>
     <span class='ocr_line' id='line_1_24' title="bbox 242 1780 1690 1866; baseline -0.001 -16"><span class='ocrx_word' id='word_1_195' title='bbox 242 1786 332 1866; x_wconf 85' lang='lat' dir='ltr'><strong>cujus</strong></span> <span class='ocrx_word' id='word_1_196' title='bbox 358 1783 514 1866; x_wconf 82' lang='lat' dir='ltr'><strong>phrcitotio</strong></span> <span class='ocrx_word' id='word_1_197' title='bbox 542 1797 633 1862; x_wconf 85' lang='lat' dir='ltr'><strong>super</strong></span> <span class='ocrx_word' id='word_1_198' title='bbox 656 1780 861 1842; x_wconf 81' lang='lat' dir='ltr'><strong>controversia</strong></span> <span class='ocrx_word' id='word_1_199' title='bbox 888 1796 958 1840; x_wconf 88' lang='lat' dir='ltr'><strong>cum</strong></span> <span class='ocrx_word' id='word_1_200' title='bbox 1013 1786 1054 1846; x_wconf 96' lang='lat' dir='ltr'><strong>illi</strong></span> <span class='ocrx_word' id='word_1_201' title='bbox 1067 1785 1690 1866; x_wconf 73' lang='lat' dir='ltr'><strong>oduermiectiouisiuuestipotr&#39;cucm,vion</strong></span> 
     </span>
     <span class='ocr_line' id='line_1_25' title="bbox 245 1875 1691 1960; baseline -0.003 -18"><span class='ocrx_word' id='word_1_202' title='bbox 245 1877 409 1943; x_wconf 84' lang='lat' dir='ltr'><strong>Abbutissu</strong></span> <span class='ocrx_word' id='word_1_203' title='bbox 425 1875 629 1939; x_wconf 76' lang='lat' dir='ltr'><strong>icciurhecusi</strong></span> <span class='ocrx_word' id='word_1_204' title='bbox 648 1875 684 1936; x_wconf 91' lang='lat' dir='ltr'><strong>A.</strong></span> <span class='ocrx_word' id='word_1_205' title='bbox 702 1877 789 1937; x_wconf 88' lang='grc'>0008.</span> <span class='ocrx_word' id='word_1_206' title='bbox 808 1875 885 1935; x_wconf 81' lang='lat' dir='ltr'><strong>lacta</strong></span> <span class='ocrx_word' id='word_1_207' title='bbox 906 1891 959 1934; x_wconf 83' lang='grc'><strong>00·</strong></span> <span class='ocrx_word' id='word_1_208' title='bbox 1007 1878 1158 1960; x_wconf 77' lang='lat' dir='ltr'><strong>patefecit.</strong></span> <span class='ocrx_word' id='word_1_209' title='bbox 1187 1879 1268 1941; x_wconf 87' lang='lat' dir='ltr'><strong>idem</strong></span> <span class='ocrx_word' id='word_1_210' title='bbox 1297 1883 1394 1960; x_wconf 90' lang='lat' dir='ltr'><strong>Lapus</strong></span> <span class='ocrx_word' id='word_1_211' title='bbox 1415 1884 1503 1941; x_wconf 87' lang='lat' dir='ltr'><strong>vertit</strong></span> <span class='ocrx_word' id='word_1_212' title='bbox 1521 1899 1538 1941; x_wconf 84' lang='lat' dir='ltr'><strong>c</strong></span> <span class='ocrx_word' id='word_1_213' title='bbox 1559 1879 1691 1942; x_wconf 79' lang='lat' dir='ltr'><strong>Plutarcho</strong></span> 
     </span>
     <span class='ocr_line' id='line_1_26' title="bbox 250 1967 1692 2048; baseline -0.004 -12"><span class='ocrx_word' id='word_1_214' title='bbox 250 1967 956 2048; x_wconf 72' lang='grc'>000000000000000000110000000000050-008.</span> <span class='ocrx_word' id='word_1_215' title='bbox 1011 1983 1089 2044; x_wconf 88' lang='lat' dir='ltr'><strong>quae</strong></span> <span class='ocrx_word' id='word_1_216' title='bbox 1111 1971 1138 2028; x_wconf 92' lang='lat' dir='ltr'><strong>in</strong></span> <span class='ocrx_word' id='word_1_217' title='bbox 1160 1971 1293 2048; x_wconf 89' lang='lat' dir='ltr'><strong>antiquis</strong></span> <span class='ocrx_word' id='word_1_218' title='bbox 1314 1969 1381 2046; x_wconf 84' lang='lat' dir='ltr'><strong>ejus</strong></span> <span class='ocrx_word' id='word_1_219' title='bbox 1403 1969 1579 2032; x_wconf 91' lang='lat' dir='ltr'><strong>editionibus</strong></span> <span class='ocrx_word' id='word_1_220' title='bbox 1603 1973 1692 2032; x_wconf 86' lang='lat' dir='ltr'><strong>Latinis</strong></span> 
     </span>
     <span class='ocr_line' id='line_1_27' title="bbox 283 2059 1691 2144; baseline -0.004 -15"><span class='ocrx_word' id='word_1_221' title='bbox 283 2069 413 2129; x_wconf 80' lang='lat' dir='ltr'><strong>Jocuues</strong></span> <span class='ocrx_word' id='word_1_222' title='bbox 445 2083 466 2125; x_wconf 91' lang='lat' dir='ltr'><strong>o</strong></span> <span class='ocrx_word' id='word_1_223' title='bbox 493 2063 655 2138; x_wconf 86' lang='lat' dir='ltr'><strong>LAPIDE,</strong></span> <span class='ocrx_word' id='word_1_224' title='bbox 688 2064 753 2122; x_wconf 89' lang='lat' dir='ltr'><strong>sive</strong></span> <span class='ocrx_word' id='word_1_225' title='bbox 785 2059 958 2142; x_wconf 83' lang='lat' dir='ltr'><strong>chiduuus</strong></span> <span class='ocrx_word' id='word_1_226' title='bbox 1012 2062 1171 2141; x_wconf 88' lang='lat' dir='ltr'><strong>leguntur:</strong></span> <span class='ocrx_word' id='word_1_227' title='bbox 1197 2065 1295 2124; x_wconf 82' lang='lat' dir='ltr'><strong>Vitam</strong></span> <span class='ocrx_word' id='word_1_228' title='bbox 1327 2062 1427 2123; x_wconf 84' lang='lat' dir='ltr'><strong>Thesei</strong></span> <span class='ocrx_word' id='word_1_229' title='bbox 1444 2062 1610 2144; x_wconf 81' lang='lat' dir='ltr'><strong>Romulique</strong></span> <span class='ocrx_word' id='word_1_230' title='bbox 1630 2079 1691 2141; x_wconf 88' lang='lat' dir='ltr'><strong>quae</strong></span> 
     </span>
     <span class='ocr_line' id='line_1_28' title="bbox 244 2154 1690 2236; baseline -0.008 -11"><span class='ocrx_word' id='word_1_231' title='bbox 244 2163 442 2236; x_wconf 88' lang='lat' dir='ltr'><strong>Teutonicus,</strong></span> <span class='ocrx_word' id='word_1_232' title='bbox 464 2159 704 2228; x_wconf 82' lang='lat' dir='ltr'><strong>carthusianus,</strong></span> <span class='ocrx_word' id='word_1_233' title='bbox 722 2157 831 2216; x_wconf 84' lang='lat' dir='ltr'><strong>lloctor</strong></span> <span class='ocrx_word' id='word_1_234' title='bbox 853 2154 959 2214; x_wconf 90' lang='lat' dir='ltr'><strong>Parisi·</strong></span> <span class='ocrx_word' id='word_1_235' title='bbox 1012 2155 1068 2216; x_wconf 92' lang='lat' dir='ltr'><strong>sub</strong></span> <span class='ocrx_word' id='word_1_236' title='bbox 1089 2155 1162 2234; x_wconf 87' lang='lat' dir='ltr'><strong>ialso</strong></span> <span class='ocrx_word' id='word_1_237' title='bbox 1184 2155 1316 2235; x_wconf 90' lang='lat' dir='ltr'><strong>Philephi</strong></span> <span class='ocrx_word' id='word_1_238' title='bbox 1338 2158 1456 2216; x_wconf 89' lang='lat' dir='ltr'><strong>nomine</strong></span> <span class='ocrx_word' id='word_1_239' title='bbox 1476 2157 1626 2234; x_wconf 89' lang='lat' dir='ltr'><strong>leguntur:</strong></span> <span class='ocrx_word' id='word_1_240' title='bbox 1641 2163 1690 2216; x_wconf 91' lang='lat' dir='ltr'><strong>tun</strong></span> 
     </span>
     <span class='ocr_line' id='line_1_29' title="bbox 243 2246 1691 2331; baseline -0.008 -14"><span class='ocrx_word' id='word_1_241' title='bbox 243 2265 328 2318; x_wconf 87' lang='lat' dir='ltr'><strong>ensis</strong></span> <span class='ocrx_word' id='word_1_242' title='bbox 341 2257 420 2314; x_wconf 88' lang='lat' dir='ltr'><strong>inter</strong></span> <span class='ocrx_word' id='word_1_243' title='bbox 435 2257 645 2331; x_wconf 85' lang='lat' dir='ltr'><strong>praeceptores</strong></span> <span class='ocrx_word' id='word_1_244' title='bbox 661 2246 958 2320; x_wconf 86' lang='lat' dir='ltr'><strong>ioannislieuchlini,</strong></span> <span class='ocrx_word' id='word_1_245' title='bbox 1012 2249 1109 2308; x_wconf 91' lang='lat' dir='ltr'><strong>Vitam</strong></span> <span class='ocrx_word' id='word_1_246' title='bbox 1131 2250 1278 2327; x_wconf 78' lang='lat' dir='ltr'><strong>Lycurgi,</strong></span> <span class='ocrx_word' id='word_1_247' title='bbox 1299 2249 1430 2324; x_wconf 85' lang='lat' dir='ltr'><strong>Numae,</strong></span> <span class='ocrx_word' id='word_1_248' title='bbox 1453 2251 1585 2325; x_wconf 89' lang='lat' dir='ltr'><strong>Solonis,</strong></span> <span class='ocrx_word' id='word_1_249' title='bbox 1605 2249 1691 2310; x_wconf 86' lang='lat' dir='ltr'><strong>Valerii</strong></span> 
     </span>
     <span class='ocr_line' id='line_1_30' title="bbox 248 2340 1692 2421; baseline -0.008 -10"><span class='ocrx_word' id='word_1_250' title='bbox 248 2351 349 2411; x_wconf 93' lang='lat' dir='ltr'><strong>clarus</strong></span> <span class='ocrx_word' id='word_1_251' title='bbox 369 2347 467 2408; x_wconf 89' lang='lat' dir='ltr'><strong>adhuc</strong></span> <span class='ocrx_word' id='word_1_252' title='bbox 484 2346 520 2406; x_wconf 87' lang='lat' dir='ltr'><strong>A.</strong></span> <span class='ocrx_word' id='word_1_253' title='bbox 537 2345 624 2406; x_wconf 88' lang='grc'>0090.</span> <span class='ocrx_word' id='word_1_254' title='bbox 643 2359 732 2420; x_wconf 79' lang='lat' dir='ltr'><strong>quern</strong></span> <span class='ocrx_word' id='word_1_255' title='bbox 752 2343 829 2400; x_wconf 89' lang='lat' dir='ltr'><strong>inter</strong></span> <span class='ocrx_word' id='word_1_256' title='bbox 847 2340 959 2418; x_wconf 88' lang='lat' dir='ltr'><strong>praeci·</strong></span> <span class='ocrx_word' id='word_1_257' title='bbox 1012 2341 1175 2421; x_wconf 87' lang='lat' dir='ltr'><strong>Poplicolae</strong></span> <span class='ocrx_word' id='word_1_258' title='bbox 1188 2385 1195 2412; x_wconf 81' lang='lat'><strong>,</strong></span> <span class='ocrx_word' id='word_1_259' title='bbox 1208 2341 1435 2416; x_wconf 87' lang='lat' dir='ltr'><strong>Themistoclis,</strong></span> <span class='ocrx_word' id='word_1_260' title='bbox 1451 2343 1562 2404; x_wconf 90' lang='lat' dir='ltr'><strong>Camilli</strong></span> <span class='ocrx_word' id='word_1_261' title='bbox 1575 2343 1692 2417; x_wconf 87' lang='lat' dir='ltr'><strong>,Periclis</strong></span> 
     </span>
     <span class='ocr_line' id='line_1_31' title="bbox 161 2425 1694 2522; baseline -0.007 -19"><span class='ocrx_word' id='word_1_262' title='bbox 161 2442 165 2460; x_wconf 95' lang='grc'>’</span> <span class='ocrx_word' id='word_1_263' title='bbox 245 2458 322 2522; x_wconf 89' lang='lat' dir='ltr'><strong>puos</strong></span> <span class='ocrx_word' id='word_1_264' title='bbox 353 2425 531 2502; x_wconf 80' lang='lat' dir='ltr'><strong>Academiae</strong></span> <span class='ocrx_word' id='word_1_265' title='bbox 552 2436 753 2514; x_wconf 86' lang='lat' dir='ltr'><strong>Tubingensis</strong></span> <span class='ocrx_word' id='word_1_266' title='bbox 781 2433 836 2493; x_wconf 93' lang='lat' dir='ltr'><strong>An.</strong></span> <span class='ocrx_word' id='word_1_267' title='bbox 870 2431 957 2493; x_wconf 85' lang='grc'>0077.</span> <span class='ocrx_word' id='word_1_268' title='bbox 1011 2442 1043 2496; x_wconf 85' lang='grc'><strong>00</strong></span> <span class='ocrx_word' id='word_1_269' title='bbox 1063 2433 1236 2512; x_wconf 85' lang='lat' dir='ltr'><strong>Phocionis,</strong></span> <span class='ocrx_word' id='word_1_270' title='bbox 1257 2437 1378 2498; x_wconf 88' lang='lat' dir='ltr'><strong>Catonis</strong></span> <span class='ocrx_word' id='word_1_271' title='bbox 1399 2435 1694 2512; x_wconf 85' lang='lat' dir='ltr'><strong>liticensis,Artarer-</strong></span> 
     </span>
     <span class='ocr_line' id='line_1_32' title="bbox 244 2525 1696 2610; baseline -0.006 -15"><span class='ocrx_word' id='word_1_272' title='bbox 244 2533 381 2598; x_wconf 85' lang='lat' dir='ltr'><strong>conditae</strong></span> <span class='ocrx_word' id='word_1_273' title='bbox 397 2535 566 2610; x_wconf 90' lang='lat' dir='ltr'><strong>inceptores</strong></span> <span class='ocrx_word' id='word_1_274' title='bbox 580 2537 611 2590; x_wconf 92' lang='lat' dir='ltr'><strong>et</strong></span> <span class='ocrx_word' id='word_1_275' title='bbox 627 2535 767 2590; x_wconf 82' lang='lat' dir='ltr'><strong>auctores</strong></span> <span class='ocrx_word' id='word_1_276' title='bbox 784 2525 960 2588; x_wconf 89' lang='lat' dir='ltr'><strong>laudatTri·</strong></span> <span class='ocrx_word' id='word_1_277' title='bbox 1011 2530 1060 2590; x_wconf 87' lang='lat' dir='ltr'><strong>xis</strong></span> <span class='ocrx_word' id='word_1_278' title='bbox 1071 2535 1162 2606; x_wconf 84' lang='lat' dir='ltr'><strong>atque</strong></span> <span class='ocrx_word' id='word_1_279' title='bbox 1174 2528 1267 2590; x_wconf 90' lang='lat' dir='ltr'><strong>Arati.</strong></span> <span class='ocrx_word' id='word_1_280' title='bbox 1281 2529 1407 2608; x_wconf 89' lang='lat' dir='ltr'><strong>Scripsit</strong></span> <span class='ocrx_word' id='word_1_281' title='bbox 1422 2526 1696 2608; x_wconf 70' lang='grc' dir='ltr'>80ωο0900000ιο-</span> 
     </span>
     <span class='ocr_line' id='line_1_33' title="bbox 247 2619 1695 2703; baseline -0.009 -14"><span class='ocrx_word' id='word_1_282' title='bbox 247 2629 380 2690; x_wconf 88' lang='lat' dir='ltr'><strong>themius</strong></span> <span class='ocrx_word' id='word_1_283' title='bbox 409 2641 474 2703; x_wconf 88' lang='lat' dir='ltr'><strong>cap.</strong></span> <span class='ocrx_word' id='word_1_284' title='bbox 508 2624 577 2686; x_wconf 83' lang='lat' dir='ltr'><strong>set.</strong></span> <span class='ocrx_word' id='word_1_285' title='bbox 604 2623 641 2684; x_wconf 90' lang='lat' dir='ltr'><strong>de</strong></span> <span class='ocrx_word' id='word_1_286' title='bbox 663 2623 694 2684; x_wconf 90' lang='lat' dir='ltr'><strong>S.</strong></span> <span class='ocrx_word' id='word_1_287' title='bbox 714 2623 749 2683; x_wconf 87' lang='lat' dir='ltr'><strong>E.</strong></span> <span class='ocrx_word' id='word_1_288' title='bbox 770 2627 801 2681; x_wconf 88' lang='grc'><strong>00</strong></span> <span class='ocrx_word' id='word_1_289' title='bbox 822 2620 859 2682; x_wconf 95' lang='grc'><strong>00</strong></span> <span class='ocrx_word' id='word_1_290' title='bbox 880 2621 959 2681; x_wconf 91' lang='lat' dir='ltr'><strong>Scri·</strong></span> <span class='ocrx_word' id='word_1_291' title='bbox 1011 2635 1065 2682; x_wconf 87' lang='lat' dir='ltr'><strong>sus</strong></span> <span class='ocrx_word' id='word_1_292' title='bbox 1094 2621 1208 2685; x_wconf 74' lang='grc'>0000000</span> <span class='ocrx_word' id='word_1_293' title='bbox 1228 2623 1264 2682; x_wconf 91' lang='grc'><strong>00</strong></span> <span class='ocrx_word' id='word_1_294' title='bbox 1287 2619 1438 2684; x_wconf 87' lang='lat' dir='ltr'><strong>Nicolaum</strong></span> <span class='ocrx_word' id='word_1_295' title='bbox 1460 2621 1493 2681; x_wconf 84' lang='lat' dir='ltr'><strong>li.</strong></span> <span class='ocrx_word' id='word_1_296' title='bbox 1513 2622 1569 2684; x_wconf 88' lang='lat' dir='ltr'><strong>tis.</strong></span> <span class='ocrx_word' id='word_1_297' title='bbox 1595 2621 1695 2682; x_wconf 84' lang='lat' dir='ltr'><strong>Venetis</strong></span> 
     </span>
     <span class='ocr_line' id='line_1_34' title="bbox 247 2713 1693 2802; baseline -0.009 -20"><span class='ocrx_word' id='word_1_298' title='bbox 247 2721 383 2802; x_wconf 90' lang='lat' dir='ltr'><strong>ptoribus</strong></span> <span class='ocrx_word' id='word_1_299' title='bbox 400 2719 501 2779; x_wconf 88' lang='lat' dir='ltr'><strong>Germ.</strong></span> <span class='ocrx_word' id='word_1_300' title='bbox 516 2733 579 2796; x_wconf 90' lang='lat' dir='ltr'><strong>cap.</strong></span> <span class='ocrx_word' id='word_1_301' title='bbox 598 2717 656 2778; x_wconf 81' lang='grc'><strong>003</strong></span> <span class='ocrx_word' id='word_1_302' title='bbox 681 2713 727 2776; x_wconf 90' lang='lat' dir='ltr'><strong>Ad</strong></span> <span class='ocrx_word' id='word_1_303' title='bbox 742 2715 957 2776; x_wconf 80' lang='lat' dir='ltr'><strong>canonicatum</strong></span> <span class='ocrx_word' id='word_1_304' title='bbox 1014 2716 1092 2774; x_wconf 87' lang='lat' dir='ltr'><strong>inter</strong></span> <span class='ocrx_word' id='word_1_305' title='bbox 1117 2716 1206 2776; x_wconf 90' lang='lat' dir='ltr'><strong>libros</strong></span> <span class='ocrx_word' id='word_1_306' title='bbox 1232 2716 1434 2789; x_wconf 82' lang='lat' dir='ltr'><strong>bessarionis,</strong></span> <span class='ocrx_word' id='word_1_307' title='bbox 1456 2720 1531 2775; x_wconf 88' lang='lat' dir='ltr'><strong>testo</strong></span> <span class='ocrx_word' id='word_1_308' title='bbox 1558 2713 1693 2776; x_wconf 84' lang='lat' dir='ltr'><strong>Tamasino</strong></span> 
     </span>
     <span class='ocr_line' id='line_1_35' title="bbox 244 2808 1692 2889; baseline -0.008 -13"><span class='ocrx_word' id='word_1_309' title='bbox 244 2815 314 2876; x_wconf 91' lang='lat' dir='ltr'><strong>inde</strong></span> <span class='ocrx_word' id='word_1_310' title='bbox 331 2822 361 2874; x_wconf 90' lang='lat' dir='ltr'><strong>et</strong></span> <span class='ocrx_word' id='word_1_311' title='bbox 375 2811 604 2874; x_wconf 90' lang='lat' dir='ltr'><strong>Praedicatiouis</strong></span> <span class='ocrx_word' id='word_1_312' title='bbox 618 2810 747 2870; x_wconf 85' lang='lat' dir='ltr'><strong>officium</strong></span> <span class='ocrx_word' id='word_1_313' title='bbox 769 2813 890 2868; x_wconf 80' lang='lat' dir='ltr'><strong>vocatus</strong></span> <span class='ocrx_word' id='word_1_314' title='bbox 904 2809 960 2868; x_wconf 80' lang='lat' dir='ltr'><strong>sa·</strong></span> <span class='ocrx_word' id='word_1_315' title='bbox 1013 2825 1078 2889; x_wconf 88' lang='lat' dir='ltr'><strong>pag.</strong></span> <span class='ocrx_word' id='word_1_316' title='bbox 1097 2811 1144 2872; x_wconf 84' lang='grc'><strong>30.</strong></span> <span class='ocrx_word' id='word_1_317' title='bbox 1161 2809 1239 2889; x_wconf 88' lang='lat' dir='ltr'><strong>apud</strong></span> <span class='ocrx_word' id='word_1_318' title='bbox 1257 2827 1347 2888; x_wconf 89' lang='lat' dir='ltr'><strong>quem</strong></span> <span class='ocrx_word' id='word_1_319' title='bbox 1362 2811 1439 2871; x_wconf 90' lang='lat' dir='ltr'><strong>sicut</strong></span> <span class='ocrx_word' id='word_1_320' title='bbox 1454 2809 1530 2888; x_wconf 89' lang='lat' dir='ltr'><strong>apud</strong></span> <span class='ocrx_word' id='word_1_321' title='bbox 1544 2808 1692 2871; x_wconf 89' lang='lat' dir='ltr'><strong>Naudaeum</strong></span> 
     </span>
     <span class='ocr_line' id='line_1_36' title="bbox 243 2887 1697 2983; baseline -0.009 -13"><span class='ocrx_word' id='word_1_322' title='bbox 243 2911 366 2983; x_wconf 85' lang='lat' dir='ltr'><strong>sileam,</strong></span> <span class='ocrx_word' id='word_1_323' title='bbox 388 2906 555 2968; x_wconf 86' lang='lat' dir='ltr'><strong>doctrinam</strong></span> <span class='ocrx_word' id='word_1_324' title='bbox 570 2902 726 2978; x_wconf 78' lang='lat' dir='ltr'><strong>seatium,</strong></span> <span class='ocrx_word' id='word_1_325' title='bbox 744 2917 821 2981; x_wconf 88' lang='lat' dir='ltr'><strong>quos</strong></span> <span class='ocrx_word' id='word_1_326' title='bbox 838 2887 959 2962; x_wconf 84' lang='lat' dir='ltr'><strong>Parisiis</strong></span> <span class='ocrx_word' id='word_1_327' title='bbox 1013 2904 1044 2962; x_wconf 91' lang='lat' dir='ltr'><strong>in</strong></span> <span class='ocrx_word' id='word_1_328' title='bbox 1071 2910 1266 2983; x_wconf 79' lang='lat' dir='ltr'><strong>syntagmate</strong></span> <span class='ocrx_word' id='word_1_329' title='bbox 1292 2904 1329 2965; x_wconf 91' lang='lat' dir='ltr'><strong>de</strong></span> <span class='ocrx_word' id='word_1_330' title='bbox 1351 2903 1450 2964; x_wconf 90' lang='lat' dir='ltr'><strong>studio</strong></span> <span class='ocrx_word' id='word_1_331' title='bbox 1470 2903 1584 2964; x_wconf 89' lang='lat' dir='ltr'><strong>militari</strong></span> <span class='ocrx_word' id='word_1_332' title='bbox 1609 2903 1653 2962; x_wconf 91' lang='lat' dir='ltr'><strong>lib.</strong></span> <span class='ocrx_word' id='word_1_333' title='bbox 1674 2899 1697 2958; x_wconf 90' lang='grc'><strong>0.</strong></span> 
     </span>
     <span class='ocr_line' id='line_1_37' title="bbox 246 2994 1696 3077; baseline -0.006 -17"><span class='ocrx_word' id='word_1_334' title='bbox 246 3002 414 3077; x_wconf 87' lang='lat' dir='ltr'><strong>vocabant,</strong></span> <span class='ocrx_word' id='word_1_335' title='bbox 436 2997 681 3077; x_wconf 88' lang='lat' dir='ltr'><strong>Philosophorum</strong></span> <span class='ocrx_word' id='word_1_336' title='bbox 703 2997 819 3075; x_wconf 89' lang='lat' dir='ltr'><strong>primus</strong></span> <span class='ocrx_word' id='word_1_337' title='bbox 837 2995 866 3054; x_wconf 96' lang='grc'><strong>00</strong></span> <span class='ocrx_word' id='word_1_338' title='bbox 883 2994 959 3054; x_wconf 90' lang='lat' dir='ltr'><strong>Aca·</strong></span> <span class='ocrx_word' id='word_1_339' title='bbox 1015 3013 1080 3075; x_wconf 89' lang='lat' dir='ltr'><strong>pag.</strong></span> <span class='ocrx_word' id='word_1_340' title='bbox 1098 2998 1166 3058; x_wconf 82' lang='grc'>500.</span> <span class='ocrx_word' id='word_1_341' title='bbox 1186 2999 1292 3058; x_wconf 88' lang='lat' dir='ltr'><strong>vitiose</strong></span> <span class='ocrx_word' id='word_1_342' title='bbox 1313 2995 1459 3059; x_wconf 85' lang='lat' dir='ltr'><strong>LAMPUS</strong></span> <span class='ocrx_word' id='word_1_343' title='bbox 1480 2995 1696 3072; x_wconf 85' lang='lat' dir='ltr'><strong>BUliAGUSpro</strong></span> 
     </span>
     <span class='ocr_line' id='line_1_38' title="bbox 243 3086 1698 3170; baseline -0.008 -14"><span class='ocrx_word' id='word_1_344' title='bbox 243 3095 373 3156; x_wconf 86' lang='lat' dir='ltr'><strong>damiam</strong></span> <span class='ocrx_word' id='word_1_345' title='bbox 383 3093 584 3155; x_wconf 80' lang='lat' dir='ltr'><strong>basileensem</strong></span> <span class='ocrx_word' id='word_1_346' title='bbox 599 3090 754 3152; x_wconf 88' lang='lat' dir='ltr'><strong>transtulit</strong></span> <span class='ocrx_word' id='word_1_347' title='bbox 768 3087 869 3168; x_wconf 89' lang='lat' dir='ltr'><strong>illique</strong></span> <span class='ocrx_word' id='word_1_348' title='bbox 880 3103 961 3147; x_wconf 91' lang='lat' dir='ltr'><strong>com·</strong></span> <span class='ocrx_word' id='word_1_349' title='bbox 1016 3091 1094 3169; x_wconf 90' lang='lat' dir='ltr'><strong>Lapo</strong></span> <span class='ocrx_word' id='word_1_350' title='bbox 1109 3093 1213 3170; x_wconf 86' lang='lat' dir='ltr'><strong>ilirago</strong></span> <span class='ocrx_word' id='word_1_351' title='bbox 1229 3091 1345 3170; x_wconf 88' lang='lat' dir='ltr'><strong>legitur.</strong></span> <span class='ocrx_word' id='word_1_352' title='bbox 1359 3088 1422 3150; x_wconf 92' lang='lat' dir='ltr'><strong>Non</strong></span> <span class='ocrx_word' id='word_1_353' title='bbox 1437 3089 1563 3168; x_wconf 87' lang='lat' dir='ltr'><strong>intelligo</strong></span> <span class='ocrx_word' id='word_1_354' title='bbox 1578 3086 1647 3166; x_wconf 88' lang='lat' dir='ltr'><strong>quod</strong></span> <span class='ocrx_word' id='word_1_355' title='bbox 1658 3087 1698 3145; x_wconf 87' lang='lat' dir='ltr'><strong>tu-</strong></span> 
     </span>
     <span class='ocr_line' id='line_1_39' title="bbox 157 3177 1698 3266; baseline -0.007 -16"><span class='ocrx_word' id='word_1_356' title='bbox 157 3259 160 3266; x_wconf 30' lang='lat'><strong>,</strong></span> <span class='ocrx_word' id='word_1_357' title='bbox 245 3189 410 3250; x_wconf 84' lang='lat' dir='ltr'><strong>mandavit.</strong></span> <span class='ocrx_word' id='word_1_358' title='bbox 431 3184 504 3247; x_wconf 89' lang='lat' dir='ltr'><strong>Vide</strong></span> <span class='ocrx_word' id='word_1_359' title='bbox 519 3185 580 3247; x_wconf 83' lang='lat' dir='ltr'><strong>iac.</strong></span> <span class='ocrx_word' id='word_1_360' title='bbox 603 3183 752 3246; x_wconf 89' lang='lat' dir='ltr'><strong>Gaddium</strong></span> <span class='ocrx_word' id='word_1_361' title='bbox 768 3189 839 3243; x_wconf 89' lang='lat' dir='ltr'><strong>tom.</strong></span> <span class='ocrx_word' id='word_1_362' title='bbox 857 3185 868 3243; x_wconf 95' lang='grc'><strong>0</strong></span> <span class='ocrx_word' id='word_1_363' title='bbox 889 3191 958 3259; x_wconf 70' lang='lat' dir='ltr'><strong>&#39;pag</strong></span> <span class='ocrx_word' id='word_1_364' title='bbox 1016 3183 1075 3246; x_wconf 89' lang='lat' dir='ltr'><strong>lius</strong></span> <span class='ocrx_word' id='word_1_365' title='bbox 1092 3183 1180 3263; x_wconf 90' lang='lat' dir='ltr'><strong>Niger</strong></span> <span class='ocrx_word' id='word_1_366' title='bbox 1195 3201 1260 3263; x_wconf 86' lang='lat' dir='ltr'><strong>pag.</strong></span> <span class='ocrx_word' id='word_1_367' title='bbox 1279 3186 1345 3245; x_wconf 85' lang='grc'>303.</span> <span class='ocrx_word' id='word_1_368' title='bbox 1363 3183 1400 3244; x_wconf 90' lang='grc'><strong>00</strong></span> <span class='ocrx_word' id='word_1_369' title='bbox 1418 3186 1493 3262; x_wconf 91' lang='lat' dir='ltr'><strong>Lapo</strong></span> <span class='ocrx_word' id='word_1_370' title='bbox 1506 3185 1563 3244; x_wconf 88' lang='lat' dir='ltr'><strong>ait:</strong></span> <span class='ocrx_word' id='word_1_371' title='bbox 1583 3177 1698 3259; x_wconf 72' lang='lat' dir='ltr'><strong>Chrysio·</strong></span> 
     </span>
     <span class='ocr_line' id='line_1_40' title="bbox 245 3271 1699 3361; baseline -0.008 -17"><span class='ocrx_word' id='word_1_372' title='bbox 245 3283 315 3344; x_wconf 84' lang='grc'>073.</span> <span class='ocrx_word' id='word_1_373' title='bbox 324 3281 400 3361; x_wconf 86' lang='lat' dir='ltr'><strong>Ejus</strong></span> <span class='ocrx_word' id='word_1_374' title='bbox 410 3275 718 3342; x_wconf 81' lang='lat' dir='ltr'><strong>resolutiodubiorum</strong></span> <span class='ocrx_word' id='word_1_375' title='bbox 733 3275 817 3336; x_wconf 85' lang='lat' dir='ltr'><strong>circo</strong></span> <span class='ocrx_word' id='word_1_376' title='bbox 829 3271 962 3336; x_wconf 83' lang='lat' dir='ltr'><strong>celebro·</strong></span> <span class='ocrx_word' id='word_1_377' title='bbox 1012 3295 1086 3359; x_wconf 87' lang='lat' dir='ltr'><strong>pum</strong></span> <span class='ocrx_word' id='word_1_378' title='bbox 1098 3277 1237 3358; x_wconf 85' lang='lat' dir='ltr'><strong>puriter,</strong></span> <span class='ocrx_word' id='word_1_379' title='bbox 1260 3271 1464 3356; x_wconf 73' lang='lat' dir='ltr'><strong>Philosophum</strong></span> <span class='ocrx_word' id='word_1_380' title='bbox 1485 3277 1641 3348; x_wconf 84' lang='lat' dir='ltr'><strong>Graecum,</strong></span> <span class='ocrx_word' id='word_1_381' title='bbox 1655 3273 1699 3332; x_wconf 77' lang='lat' dir='ltr'><strong>lo</strong></span> 
     </span>
     <span class='ocr_line' id='line_1_41' title="bbox 246 3365 1699 3448; baseline -0.009 -12"><span class='ocrx_word' id='word_1_382' title='bbox 246 3376 354 3438; x_wconf 82' lang='lat' dir='ltr'><strong>tionem</strong></span> <span class='ocrx_word' id='word_1_383' title='bbox 368 3373 533 3436; x_wconf 68' lang='lat' dir='ltr'><strong>murorum</strong></span> <span class='ocrx_word' id='word_1_384' title='bbox 547 3370 769 3434; x_wconf 84' lang='lat' dir='ltr'><strong>occurrentium</strong></span> <span class='ocrx_word' id='word_1_385' title='bbox 785 3368 889 3448; x_wconf 92' lang='lat' dir='ltr'><strong>prodiit</strong></span> <span class='ocrx_word' id='word_1_386' title='bbox 906 3369 962 3429; x_wconf 86' lang='lat' dir='ltr'><strong>lta·</strong></span> <span class='ocrx_word' id='word_1_387' title='bbox 1017 3371 1110 3432; x_wconf 88' lang='lat' dir='ltr'><strong>tinum</strong></span> <span class='ocrx_word' id='word_1_388' title='bbox 1127 3369 1209 3432; x_wconf 86' lang='lat' dir='ltr'><strong>dedit</strong></span> <span class='ocrx_word' id='word_1_389' title='bbox 1229 3369 1334 3430; x_wconf 88' lang='lat' dir='ltr'><strong>ltoiiue</strong></span> <span class='ocrx_word' id='word_1_390' title='bbox 1354 3375 1480 3431; x_wconf 82' lang='grc'>0000000.</span> <span class='ocrx_word' id='word_1_391' title='bbox 1501 3370 1653 3432; x_wconf 83' lang='lat' dir='ltr'><strong>chronicon</strong></span> <span class='ocrx_word' id='word_1_392' title='bbox 1668 3365 1699 3424; x_wconf 83' lang='lat' dir='ltr'><strong>la-</strong></span> 
     </span>
     <span class='ocr_line' id='line_1_42' title="bbox 245 3458 1698 3548; baseline -0.008 -18"><span class='ocrx_word' id='word_1_393' title='bbox 245 3471 294 3530; x_wconf 90' lang='lat' dir='ltr'><strong>sil.</strong></span> <span class='ocrx_word' id='word_1_394' title='bbox 318 3468 395 3548; x_wconf 89' lang='lat' dir='ltr'><strong>apud</strong></span> <span class='ocrx_word' id='word_1_395' title='bbox 421 3470 467 3527; x_wconf 88' lang='lat' dir='ltr'><strong>to.</strong></span> <span class='ocrx_word' id='word_1_396' title='bbox 494 3467 672 3528; x_wconf 81' lang='lat' dir='ltr'><strong>Frobenium</strong></span> <span class='ocrx_word' id='word_1_397' title='bbox 691 3463 729 3526; x_wconf 90' lang='lat' dir='ltr'><strong>de</strong></span> <span class='ocrx_word' id='word_1_398' title='bbox 748 3461 962 3538; x_wconf 89' lang='lat' dir='ltr'><strong>llammelburg</strong></span> <span class='ocrx_word' id='word_1_399' title='bbox 1016 3466 1114 3526; x_wconf 86' lang='lat' dir='ltr'><strong>miliae</strong></span> <span class='ocrx_word' id='word_1_400' title='bbox 1141 3479 1214 3526; x_wconf 87' lang='lat' dir='ltr'><strong>suae</strong></span> <span class='ocrx_word' id='word_1_401' title='bbox 1240 3463 1277 3525; x_wconf 88' lang='lat' dir='ltr'><strong>ad</strong></span> <span class='ocrx_word' id='word_1_402' title='bbox 1297 3463 1480 3525; x_wconf 88' lang='lat' dir='ltr'><strong>Bernardum</strong></span> <span class='ocrx_word' id='word_1_403' title='bbox 1501 3462 1608 3536; x_wconf 83' lang='lat' dir='ltr'><strong>hlium,</strong></span> <span class='ocrx_word' id='word_1_404' title='bbox 1633 3458 1698 3536; x_wconf 88' lang='lat' dir='ltr'><strong>typis</strong></span> 
     </span>
     <span class='ocr_line' id='line_1_43' title="bbox 247 3553 1664 3641; baseline -0.01 -16"><span class='ocrx_word' id='word_1_405' title='bbox 247 3563 336 3625; x_wconf 85' lang='grc'>0000.</span> <span class='ocrx_word' id='word_1_406' title='bbox 352 3564 380 3622; x_wconf 87' lang='lat'><strong>8.</strong></span> <span class='ocrx_word' id='word_1_407' title='bbox 396 3555 532 3641; x_wconf 82' lang='lat' dir='ltr'><strong>Epistola</strong></span> <span class='ocrx_word' id='word_1_408' title='bbox 547 3558 583 3620; x_wconf 89' lang='lat' dir='ltr'><strong>de</strong></span> <span class='ocrx_word' id='word_1_409' title='bbox 600 3556 746 3637; x_wconf 81' lang='lat' dir='ltr'><strong>qualitate</strong></span> <span class='ocrx_word' id='word_1_410' title='bbox 756 3553 961 3628; x_wconf 80' lang='lat' dir='ltr'><strong>sacerdotum,</strong></span> <span class='ocrx_word' id='word_1_411' title='bbox 1016 3559 1202 3637; x_wconf 84' lang='lat' dir='ltr'><strong>exscriptum</strong></span> <span class='ocrx_word' id='word_1_412' title='bbox 1225 3574 1283 3618; x_wconf 90' lang='lat' dir='ltr'><strong>non</strong></span> <span class='ocrx_word' id='word_1_413' title='bbox 1305 3573 1393 3634; x_wconf 89' lang='lat' dir='ltr'><strong>esse,</strong></span> <span class='ocrx_word' id='word_1_414' title='bbox 1414 3555 1485 3617; x_wconf 90' lang='lat' dir='ltr'><strong>mibi</strong></span> <span class='ocrx_word' id='word_1_415' title='bbox 1507 3553 1664 3635; x_wconf 88' lang='lat' dir='ltr'><strong>persuadeo.</strong></span> 
     </span>
     <span class='ocr_line' id='line_1_44' title="bbox 246 3647 1697 3729; baseline -0.012 -11"><span class='ocrx_word' id='word_1_416' title='bbox 246 3657 328 3718; x_wconf 83' lang='lat' dir='ltr'><strong>sista</strong></span> <span class='ocrx_word' id='word_1_417' title='bbox 349 3655 492 3715; x_wconf 78' lang='lat' dir='ltr'><strong>basileae.</strong></span> <span class='ocrx_word' id='word_1_418' title='bbox 520 3655 618 3729; x_wconf 90' lang='lat' dir='ltr'><strong>Longe</strong></span> <span class='ocrx_word' id='word_1_419' title='bbox 651 3650 736 3729; x_wconf 89' lang='lat' dir='ltr'><strong>plura</strong></span> <span class='ocrx_word' id='word_1_420' title='bbox 760 3647 825 3725; x_wconf 83' lang='lat' dir='ltr'><strong>ejus</strong></span> <span class='ocrx_word' id='word_1_421' title='bbox 852 3649 963 3724; x_wconf 91' lang='lat' dir='ltr'><strong>scripta</strong></span> <span class='ocrx_word' id='word_1_422' title='bbox 1057 3649 1697 3721; x_wconf 63' lang='grc'>’0000000000001000010000000000000000</span> 
     </span>
     <span class='ocr_line' id='line_1_45' title="bbox 252 3735 1697 3824; baseline -0.008 -12"><span class='ocrx_word' id='word_1_423' title='bbox 252 3735 465 3821; x_wconf 79' lang='lat' dir='ltr'><strong>Grammatico,</strong></span> <span class='ocrx_word' id='word_1_424' title='bbox 477 3747 593 3824; x_wconf 90' lang='lat' dir='ltr'><strong>Logica,</strong></span> <span class='ocrx_word' id='word_1_425' title='bbox 604 3740 807 3820; x_wconf 93' lang='lat' dir='ltr'><strong>Philosophica</strong></span> <span class='ocrx_word' id='word_1_426' title='bbox 828 3739 964 3799; x_wconf 71' lang='lat' dir='ltr'><strong>etTh&#39;eo</strong></span> <span class='ocrx_word' id='word_1_427' title='bbox 1017 3746 1065 3806; x_wconf 79' lang='lat' dir='ltr'><strong>hie</strong></span> <span class='ocrx_word' id='word_1_428' title='bbox 1082 3749 1226 3805; x_wconf 82' lang='lat' dir='ltr'><strong>memorat</strong></span> <span class='ocrx_word' id='word_1_429' title='bbox 1242 3742 1395 3804; x_wconf 87' lang='lat' dir='ltr'><strong>Fabricius</strong></span> <span class='ocrx_word' id='word_1_430' title='bbox 1416 3746 1491 3820; x_wconf 86' lang='lat' dir='ltr'><strong>Lapo</strong></span> <span class='ocrx_word' id='word_1_431' title='bbox 1506 3743 1607 3820; x_wconf 87' lang='lat' dir='ltr'><strong>Birago</strong></span> <span class='ocrx_word' id='word_1_432' title='bbox 1625 3735 1697 3798; x_wconf 60' lang='lat' dir='ltr'><strong>debu</strong></span> 
     </span>
     <span class='ocr_line' id='line_1_46' title="bbox 246 3834 1696 3924; baseline -0.013 -18"><span class='ocrx_word' id='word_1_433' title='bbox 246 3844 340 3924; x_wconf 85' lang='lat' dir='ltr'><strong>logica</strong></span> <span class='ocrx_word' id='word_1_434' title='bbox 367 3840 445 3921; x_wconf 89' lang='lat' dir='ltr'><strong>apud</strong></span> <span class='ocrx_word' id='word_1_435' title='bbox 475 3837 678 3900; x_wconf 90' lang='lat' dir='ltr'><strong>Trithemium</strong></span> <span class='ocrx_word' id='word_1_436' title='bbox 707 3838 912 3896; x_wconf 90' lang='lat' dir='ltr'><strong>memorantur</strong></span> <span class='ocrx_word' id='word_1_437' title='bbox 932 3839 964 3892; x_wconf 87' lang='grc'><strong>00</strong></span> <span class='ocrx_word' id='word_1_438' title='bbox 1019 3857 1109 3910; x_wconf 75' lang='lat' dir='ltr'><strong>mus3</strong></span> <span class='ocrx_word' id='word_1_439' title='bbox 1128 3855 1197 3899; x_wconf 69' lang='lat' dir='ltr'><strong>nam</strong></span> <span class='ocrx_word' id='word_1_440' title='bbox 1215 3837 1288 3898; x_wconf 76' lang='lat' dir='ltr'><strong>alias</strong></span> <span class='ocrx_word' id='word_1_441' title='bbox 1300 3840 1343 3896; x_wconf 75' lang='lat' dir='ltr'><strong>&#39;ex</strong></span> <span class='ocrx_word' id='word_1_442' title='bbox 1362 3838 1398 3897; x_wconf 78' lang='lat' dir='ltr'><strong>iis</strong></span> <span class='ocrx_word' id='word_1_443' title='bbox 1414 3852 1488 3915; x_wconf 78' lang='lat' dir='ltr'><strong>quas</strong></span> <span class='ocrx_word' id='word_1_444' title='bbox 1503 3835 1548 3896; x_wconf 82' lang='lat' dir='ltr'><strong>hic</strong></span> <span class='ocrx_word' id='word_1_445' title='bbox 1565 3834 1696 3899; x_wconf 72' lang='lat' dir='ltr'><strong>recenset,</strong></span> 
     </span>
     <span class='ocr_line' id='line_1_47' title="bbox 247 3924 1697 4008; baseline -0.012 -8"><span class='ocrx_word' id='word_1_446' title='bbox 247 3941 430 4002; x_wconf 87' lang='lat' dir='ltr'><strong>Gesnerum.</strong></span> <span class='ocrx_word' id='word_1_447' title='bbox 736 3941 741 3956; x_wconf 95' lang='grc'><em>’</em></span> <span class='ocrx_word' id='word_1_448' title='bbox 1017 3932 1099 3994; x_wconf 91' lang='lat' dir='ltr'><strong>dedit</strong></span> <span class='ocrx_word' id='word_1_449' title='bbox 1116 3931 1267 3993; x_wconf 89' lang='lat' dir='ltr'><strong>Antonius</strong></span> <span class='ocrx_word' id='word_1_450' title='bbox 1285 3930 1477 4006; x_wconf 88' lang='lat' dir='ltr'><strong>Tudertinus,</strong></span> <span class='ocrx_word' id='word_1_451' title='bbox 1489 3935 1521 3990; x_wconf 91' lang='lat' dir='ltr'><strong>ut</strong></span> <span class='ocrx_word' id='word_1_452' title='bbox 1535 3929 1595 4008; x_wconf 90' lang='lat' dir='ltr'><strong>ipse</strong></span> <span class='ocrx_word' id='word_1_453' title='bbox 1609 3924 1697 4004; x_wconf 86' lang='lat' dir='ltr'><strong>pariter</strong></span> 
     </span>
     <span class='ocr_line' id='line_1_48' title="bbox 285 4011 1697 4102; baseline -0.014 -10"><span class='ocrx_word' id='word_1_454' title='bbox 285 4033 412 4096; x_wconf 73' lang='lat' dir='ltr'><strong>Maurus</strong></span> <span class='ocrx_word' id='word_1_455' title='bbox 429 4027 564 4090; x_wconf 87' lang='lat' dir='ltr'><strong>LAPlUS</strong></span> <span class='ocrx_word' id='word_1_456' title='bbox 573 4073 582 4102; x_wconf 87' lang='lat'><strong>,</strong></span> <span class='ocrx_word' id='word_1_457' title='bbox 597 4025 759 4086; x_wconf 78' lang='lat' dir='ltr'><strong>Monachus</strong></span> <span class='ocrx_word' id='word_1_458' title='bbox 777 4022 806 4082; x_wconf 87' lang='lat' dir='ltr'><strong>S.</strong></span> <span class='ocrx_word' id='word_1_459' title='bbox 822 4020 963 4083; x_wconf 82' lang='lat' dir='ltr'><strong>Matthiae</strong></span> <span class='ocrx_word' id='word_1_460' title='bbox 1018 4025 1167 4086; x_wconf 81' lang='lat' dir='ltr'><strong>Fabricius</strong></span> <span class='ocrx_word' id='word_1_461' title='bbox 1183 4026 1327 4102; x_wconf 80' lang='lat' dir='ltr'><strong>agnoscit.</strong></span> <span class='ocrx_word' id='word_1_462' title='bbox 1339 4025 1372 4085; x_wconf 81' lang='lat' dir='ltr'><strong>V,</strong></span> <span class='ocrx_word' id='word_1_463' title='bbox 1385 4021 1569 4086; x_wconf 70' lang='lat' dir='ltr'><strong>ANTONIUS</strong></span> <span class='ocrx_word' id='word_1_464' title='bbox 1585 4011 1697 4079; x_wconf 74' lang='grc'>70000000-</span> 
     </span>
     <span class='ocr_line' id='line_1_49' title="bbox 247 4109 1695 4198; baseline -0.019 -8"><span class='ocrx_word' id='word_1_465' title='bbox 247 4127 285 4190; x_wconf 85' lang='grc'><strong>00</strong></span> <span class='ocrx_word' id='word_1_466' title='bbox 305 4123 448 4198; x_wconf 77' lang='lat' dir='ltr'><strong>Murano,</strong></span> <span class='ocrx_word' id='word_1_467' title='bbox 469 4121 539 4182; x_wconf 90' lang='grc'>000.</span> <span class='ocrx_word' id='word_1_468' title='bbox 561 4117 673 4181; x_wconf 82' lang='lat' dir='ltr'><strong>bened.</strong></span> <span class='ocrx_word' id='word_1_469' title='bbox 695 4117 843 4177; x_wconf 89' lang='lat' dir='ltr'><strong>ininsula</strong></span> <span class='ocrx_word' id='word_1_470' title='bbox 865 4121 896 4173; x_wconf 90' lang='lat' dir='ltr'><strong>et</strong></span> <span class='ocrx_word' id='word_1_471' title='bbox 915 4131 963 4174; x_wconf 90' lang='lat' dir='ltr'><strong>ur·</strong></span> <span class='ocrx_word' id='word_1_472' title='bbox 1017 4135 1074 4178; x_wconf 86' lang='lat' dir='ltr'><strong>urrs</strong></span> <span class='ocrx_word' id='word_1_473' title='bbox 1096 4109 1695 4181; x_wconf 80' lang='grc'>0000000000000000000000000000000.</span> 
     </span>
     <span class='ocr_line' id='line_1_50' title="bbox 247 4196 1697 4301; baseline -0.019 -18"><span class='ocrx_word' id='word_1_474' title='bbox 247 4222 352 4283; x_wconf 75' lang='lat' dir='ltr'><strong>incula</strong></span> <span class='ocrx_word' id='word_1_475' title='bbox 366 4217 533 4301; x_wconf 85' lang='lat' dir='ltr'><strong>llpiscopali</strong></span> <span class='ocrx_word' id='word_1_476' title='bbox 551 4215 651 4274; x_wconf 87' lang='lat' dir='ltr'><strong>vicina</strong></span> <span class='ocrx_word' id='word_1_477' title='bbox 668 4211 821 4300; x_wconf 78' lang='lat' dir='ltr'><strong>venetiis,</strong></span> <span class='ocrx_word' id='word_1_478' title='bbox 836 4209 964 4287; x_wconf 91' lang='lat' dir='ltr'><strong>scriptor</strong></span> <span class='ocrx_word' id='word_1_479' title='bbox 1017 4214 1063 4274; x_wconf 80' lang='lat' dir='ltr'><strong>Ex</strong></span> <span class='ocrx_word' id='word_1_480' title='bbox 1072 4229 1120 4292; x_wconf 88' lang='lat' dir='ltr'><strong>op.</strong></span> <span class='ocrx_word' id='word_1_481' title='bbox 1132 4211 1202 4290; x_wconf 88' lang='lat' dir='ltr'><strong>Lapi</strong></span> <span class='ocrx_word' id='word_1_482' title='bbox 1212 4227 1268 4271; x_wconf 91' lang='grc'><strong>000</strong></span> <span class='ocrx_word' id='word_1_483' title='bbox 1278 4211 1379 4288; x_wconf 85' lang='lat' dir='ltr'><strong>Lampi</strong></span> <span class='ocrx_word' id='word_1_484' title='bbox 1392 4196 1697 4276; x_wconf 84' lang='lat' dir='ltr'><strong>adhucinedita,ioscri·</strong></span> 
     </span>
     <span class='ocr_line' id='line_1_51' title="bbox 176 4291 1696 4384; baseline -0.014 -14"><span class='ocrx_word' id='word_1_485' title='bbox 176 4359 184 4370; x_wconf 83' lang='lat'><strong>.</strong></span> <span class='ocrx_word' id='word_1_486' title='bbox 245 4315 325 4376; x_wconf 81' lang='lat' dir='ltr'><strong>vilae</strong></span> <span class='ocrx_word' id='word_1_487' title='bbox 341 4315 376 4374; x_wconf 85' lang='lat' dir='ltr'><strong>B.</strong></span> <span class='ocrx_word' id='word_1_488' title='bbox 393 4303 479 4373; x_wconf 84' lang='lat' dir='ltr'><strong>Petri</strong></span> <span class='ocrx_word' id='word_1_489' title='bbox 497 4306 610 4384; x_wconf 82' lang='lat' dir='ltr'><strong>Sardi,</strong></span> <span class='ocrx_word' id='word_1_490' title='bbox 631 4305 767 4366; x_wconf 87' lang='lat' dir='ltr'><strong>monachi</strong></span> <span class='ocrx_word' id='word_1_491' title='bbox 789 4305 819 4365; x_wconf 87' lang='lat' dir='ltr'><strong>S.</strong></span> <span class='ocrx_word' id='word_1_492' title='bbox 837 4302 964 4364; x_wconf 77' lang='grc'>00000000-</span> <span class='ocrx_word' id='word_1_493' title='bbox 1017 4314 1068 4384; x_wconf 91' lang='lat' dir='ltr'><strong>pto</strong></span> <span class='ocrx_word' id='word_1_494' title='bbox 1079 4303 1423 4383; x_wconf 76' lang='lat' dir='ltr'><strong>Strutepiconadversus</strong></span> <span class='ocrx_word' id='word_1_495' title='bbox 1444 4306 1560 4374; x_wconf 66' lang='lat' dir='ltr'><strong>Turnus,</strong></span> <span class='ocrx_word' id='word_1_496' title='bbox 1577 4291 1696 4375; x_wconf 84' lang='lat' dir='ltr'><strong>prooemi-</strong></span> 
     </span>
     <span class='ocr_line' id='line_1_52' title="bbox 250 4386 1696 4477; baseline -0.016 -9"><span class='ocrx_word' id='word_1_497' title='bbox 250 4410 287 4469; x_wconf 92' lang='lat' dir='ltr'><strong>lis</strong></span> <span class='ocrx_word' id='word_1_498' title='bbox 303 4411 334 4468; x_wconf 93' lang='lat' dir='ltr'><strong>in</strong></span> <span class='ocrx_word' id='word_1_499' title='bbox 350 4407 455 4469; x_wconf 90' lang='lat' dir='ltr'><strong>eadem</strong></span> <span class='ocrx_word' id='word_1_500' title='bbox 470 4403 594 4477; x_wconf 88' lang='lat' dir='ltr'><strong>insula,</strong></span> <span class='ocrx_word' id='word_1_501' title='bbox 613 4408 646 4462; x_wconf 92' lang='lat' dir='ltr'><strong>ut</strong></span> <span class='ocrx_word' id='word_1_502' title='bbox 663 4417 701 4460; x_wconf 82' lang='lat' dir='ltr'><strong>ex</strong></span> <span class='ocrx_word' id='word_1_503' title='bbox 715 4398 877 4459; x_wconf 90' lang='lat' dir='ltr'><strong>Possevino</strong></span> <span class='ocrx_word' id='word_1_504' title='bbox 892 4397 966 4457; x_wconf 88' lang='lat' dir='ltr'><strong>llos-</strong></span> <span class='ocrx_word' id='word_1_505' title='bbox 1020 4416 1070 4459; x_wconf 91' lang='lat' dir='ltr'><strong>um</strong></span> <span class='ocrx_word' id='word_1_506' title='bbox 1081 4415 1135 4459; x_wconf 89' lang='lat' dir='ltr'><strong>seu</strong></span> <span class='ocrx_word' id='word_1_507' title='bbox 1149 4399 1269 4476; x_wconf 90' lang='lat' dir='ltr'><strong>proemii</strong></span> <span class='ocrx_word' id='word_1_508' title='bbox 1279 4399 1442 4476; x_wconf 86' lang='lat' dir='ltr'><strong>portionem</strong></span> <span class='ocrx_word' id='word_1_509' title='bbox 1454 4391 1605 4474; x_wconf 87' lang='lat' dir='ltr'><strong>qnamdam</strong></span> <span class='ocrx_word' id='word_1_510' title='bbox 1613 4386 1696 4464; x_wconf 77' lang='lat' dir='ltr'><strong>vulga·</strong></span> 
     </span>
     <span class='ocr_line' id='line_1_53' title="bbox 251 4485 1696 4578; baseline -0.019 -18"><span class='ocrx_word' id='word_1_511' title='bbox 251 4501 318 4560; x_wconf 91' lang='lat' dir='ltr'><strong>sius</strong></span> <span class='ocrx_word' id='word_1_512' title='bbox 339 4515 404 4578; x_wconf 85' lang='lat' dir='ltr'><strong>pag.</strong></span> <span class='ocrx_word' id='word_1_513' title='bbox 426 4497 494 4559; x_wconf 89' lang='grc'>809.</span> <span class='ocrx_word' id='word_1_514' title='bbox 1018 4494 1063 4552; x_wconf 89' lang='lat' dir='ltr'><strong>vit</strong></span> <span class='ocrx_word' id='word_1_515' title='bbox 1079 4491 1115 4553; x_wconf 92' lang='lat' dir='ltr'><strong>cl.</strong></span> <span class='ocrx_word' id='word_1_516' title='bbox 1133 4491 1277 4569; x_wconf 87' lang='lat' dir='ltr'><strong>Georgius</strong></span> <span class='ocrx_word' id='word_1_517' title='bbox 1295 4493 1323 4550; x_wconf 91' lang='lat' dir='ltr'><strong>in</strong></span> <span class='ocrx_word' id='word_1_518' title='bbox 1342 4490 1502 4570; x_wconf 87' lang='lat' dir='ltr'><strong>appendice</strong></span> <span class='ocrx_word' id='word_1_519' title='bbox 1522 4485 1696 4548; x_wconf 80' lang='lat' dir='ltr'><strong>bionumentc</strong></span> 
     </span>
     <span class='ocr_line' id='line_1_54' title="bbox 291 4567 1695 4671; baseline -0.013 -20"><span class='ocrx_word' id='word_1_520' title='bbox 291 4591 411 4654; x_wconf 91' lang='lat' dir='ltr'><strong>LAPUS</strong></span> <span class='ocrx_word' id='word_1_521' title='bbox 427 4589 559 4671; x_wconf 81' lang='lat' dir='ltr'><strong>Biropus</strong></span> <span class='ocrx_word' id='word_1_522' title='bbox 582 4590 736 4669; x_wconf 78' lang='lat' dir='ltr'><strong>(loannem</strong></span> <span class='ocrx_word' id='word_1_523' title='bbox 757 4585 872 4664; x_wconf 84' lang='lat' dir='ltr'><strong>Lupum</strong></span> <span class='ocrx_word' id='word_1_524' title='bbox 892 4588 965 4646; x_wconf 91' lang='lat' dir='ltr'><strong>suut</strong></span> <span class='ocrx_word' id='word_1_525' title='bbox 1018 4603 1084 4646; x_wconf 93' lang='lat' dir='ltr'><strong>rom</strong></span> <span class='ocrx_word' id='word_1_526' title='bbox 1097 4583 1133 4646; x_wconf 93' lang='lat' dir='ltr'><strong>ad</strong></span> <span class='ocrx_word' id='word_1_527' title='bbox 1147 4586 1238 4644; x_wconf 90' lang='lat' dir='ltr'><strong>vitam</strong></span> <span class='ocrx_word' id='word_1_528' title='bbox 1253 4584 1360 4644; x_wconf 89' lang='lat' dir='ltr'><strong>Nicolai</strong></span> <span class='ocrx_word' id='word_1_529' title='bbox 1378 4583 1410 4644; x_wconf 87' lang='lat' dir='ltr'><strong>V.</strong></span> <span class='ocrx_word' id='word_1_530' title='bbox 1427 4599 1444 4643; x_wconf 89' lang='lat' dir='ltr'><strong>a</strong></span> <span class='ocrx_word' id='word_1_531' title='bbox 1460 4598 1492 4642; x_wconf 90' lang='lat' dir='ltr'><strong>sc</strong></span> <span class='ocrx_word' id='word_1_532' title='bbox 1507 4579 1637 4656; x_wconf 90' lang='lat' dir='ltr'><strong>scriptam</strong></span> <span class='ocrx_word' id='word_1_533' title='bbox 1647 4567 1695 4629; x_wconf 83' lang='lat' dir='ltr'><strong>edi·</strong></span> 
     </span>
     <span class='ocr_line' id='line_1_55' title="bbox 252 4672 1676 4764; baseline -0.01 -20"><span class='ocrx_word' id='word_1_534' title='bbox 252 4685 302 4762; x_wconf 83' lang='lat' dir='ltr'><strong>qui</strong></span> <span class='ocrx_word' id='word_1_535' title='bbox 320 4684 480 4762; x_wconf 82' lang='lat' dir='ltr'><strong>appellant)</strong></span> <span class='ocrx_word' id='word_1_536' title='bbox 502 4683 539 4744; x_wconf 92' lang='lat' dir='ltr'><strong>dc</strong></span> <span class='ocrx_word' id='word_1_537' title='bbox 560 4683 740 4746; x_wconf 79' lang='lat' dir='ltr'><strong>Castellione</strong></span> <span class='ocrx_word' id='word_1_538' title='bbox 758 4679 962 4758; x_wconf 71' lang='lat' dir='ltr'><strong>Florentium,</strong></span> <span class='ocrx_word' id='word_1_539' title='bbox 1017 4687 1139 4758; x_wconf 86' lang='lat' dir='ltr'><strong>tamque</strong></span> <span class='ocrx_word' id='word_1_540' title='bbox 1157 4675 1265 4740; x_wconf 74' lang='lat' dir='ltr'><strong>ll&#39;omae</strong></span> <span class='ocrx_word' id='word_1_541' title='bbox 1283 4694 1333 4740; x_wconf 89' lang='lat' dir='ltr'><strong>au.</strong></span> <span class='ocrx_word' id='word_1_542' title='bbox 1351 4673 1427 4739; x_wconf 88' lang='grc'>0700</span> <span class='ocrx_word' id='word_1_543' title='bbox 1444 4693 1500 4756; x_wconf 85' lang='lat' dir='ltr'><strong>pag</strong></span> <span class='ocrx_word' id='word_1_544' title='bbox 1526 4672 1589 4733; x_wconf 89' lang='grc'>000.</span> <span class='ocrx_word' id='word_1_545' title='bbox 1672 4753 1676 4764; x_wconf 41' lang='grc' dir='ltr'>Ι</span> 
     </span>
     <span class='ocr_line' id='line_1_56' title="bbox 252 4759 1693 4858; baseline -0.012 -20"><span class='ocrx_word' id='word_1_546' title='bbox 252 4779 416 4858; x_wconf 89' lang='lat' dir='ltr'><strong>discipulus</strong></span> <span class='ocrx_word' id='word_1_547' title='bbox 431 4777 592 4857; x_wconf 91' lang='lat' dir='ltr'><strong>Philclphi,</strong></span> <span class='ocrx_word' id='word_1_548' title='bbox 607 4778 773 4840; x_wconf 87' lang='lat' dir='ltr'><strong>Florentiae</strong></span> <span class='ocrx_word' id='word_1_549' title='bbox 784 4775 886 4836; x_wconf 90' lang='lat' dir='ltr'><strong>seculo</strong></span> <span class='ocrx_word' id='word_1_550' title='bbox 897 4775 961 4836; x_wconf 86' lang='lat' dir='ltr'><strong>XV.</strong></span> <span class='ocrx_word' id='word_1_551' title='bbox 1056 4771 1256 4854; x_wconf 87' lang='lat' dir='ltr'><strong>Allegationes</strong></span> <span class='ocrx_word' id='word_1_552' title='bbox 1271 4771 1340 4850; x_wconf 88' lang='lat' dir='ltr'><strong>Lapi</strong></span> <span class='ocrx_word' id='word_1_553' title='bbox 1357 4787 1410 4848; x_wconf 90' lang='lat' dir='ltr'><strong>per</strong></span> <span class='ocrx_word' id='word_1_554' title='bbox 1425 4768 1492 4830; x_wconf 92' lang='lat' dir='ltr'><strong>Ant.</strong></span> <span class='ocrx_word' id='word_1_555' title='bbox 1513 4767 1553 4826; x_wconf 88' lang='lat' dir='ltr'><strong>De</strong></span> <span class='ocrx_word' id='word_1_556' title='bbox 1569 4759 1657 4826; x_wconf 85' lang='lat' dir='ltr'><strong>Butrio</strong></span> <span class='ocrx_word' id='word_1_557' title='bbox 1671 4769 1693 4811; x_wconf 78' lang='grc'><strong>0</strong></span> 
     </span>
    </p>
   </div>
   <div class='ocr_carea' id='block_1_13' title="bbox 0 0 1815 5604">
    <p class='ocr_par' dir='ltr' id='par_1_13' title="bbox 0 0 1815 5604">
     <span class='ocr_line' id='line_1_57' title="bbox 0 0 1815 5604; baseline 0 0"><span class='ocrx_word' id='word_1_558' title='bbox 0 0 1815 5604; x_wconf 95' lang='lat' dir='ltr'><strong> </strong></span> 
     </span>
    </p>
   </div>
  </div>
 </body>
</html>
