3562 5582
94 213 124 274 ln
141 209 214 274 (444.
233 209 320 272 ibat.
346 209 450 270 Latino
466 205 667 268 Bibliothecae
683 207 809 268 4444444-
866 207 951 270 misit
967 209 998 290 44
1016 207 1242 272 eimrlimdteem
1260 209 1364 268 corruis
1384 206 1502 288 peccori
1514 213 1544 268 et
1557 206 1593 267 rie

3 369 4 372 ,
92 304 190 366 sitatis
204 303 399 364 laurinensis
418 301 528 381 legitur
552 299 727 360 bistorleds
748 297 810 360 neb
863 308 988 384 peccato
1001 303 1382 382 condemneretpecootum.
1399 301 1512 364 Auctor
1530 301 1592 378 epi«

3 383 5 474 i
91 397 259 476 gestisaS.
281 394 391 454 Hilario
408 393 464 454 hoc
482 395 528 452 tit.
546 390 692 471 erutoque
708 390 810 452 dore·
866 398 1004 476 stolaeg.
1023 399 1072 458 Sd.
1091 397 1175 457 llice
1190 395 1313 466 4444444444
1339 393 1435 474 tiliam
1454 408 1543 455 4444444
1562 394 1594 452 rit

92 487 147 550 44444
164 486 256 566 pestis
278 488 308 549 8.
331 483 447 546 altore·
469 484 676 546 biclarensis.
704 485 811 563 incipit
866 487 1060 552 4444444444
1085 491 1188 562 cornis
1214 489 1334 569 peccotr'
1347 535 1353 559 ‚
1366 493 1402 548 ut
1420 487 1456 548 de
1470 493 1594 567 peceato

91 580 261 650 neomrmi
275 577 391 642 Hilarii
401 575 587 659 4444444444·ιὶ
597 577 662 638 uite
672 580 749 639 Tum
765 595 814 639 se-
866 583 1076 644 oonrlernnoret
1089 589 1258 662 pesculum.

91 677 305 754 quiturrerum
320 679 476 753 gestarum
496 673 628 733 narratio
648 673 811 751 incipiens:
907 676 1088 738 metallis
1100 677 1178 737 Petri
1190 672 1591 752 Aboelorde‘discipuluscu-

91 771 121 830 ll.
132 765 273 828 adortus
284 758 812 846 etoeoomnurtirepoopueete.
868 766 1030 850 prerepto
1049 771 1130 829 inter
1144 768 1227 829 illius
1240 771 1338 846 Opera
1356 785 1385 846 p.
1403 766 1472 828 243.

3 927 5 938 .
126 863 191 924 lton
209 867 257 921 est
274 876 329 921 cur
346 860 395 920 bic
409 863 597 938 praeteream
616 873 726 918 noram
744 873 815 936 ope·
911 861 1092 924 iillAltlUS
1112 861 1365 940 Arciriepiscopus
1393 855 1596 920 Narbonensis

91 971 154 1016 rom
166 956 198 1016 S.
213 951 489 1016 llilarrieditioneut
501 953 652 1031 egregiam
668 967 685 1011 4
699 951 736 1012 41.
750 951 815 1012 Sci·
871 957 951 1016 cirea
970 955 1095 1017 Annum
1108 953 1229 1016 CHristi
1246 955 1304 1016 las
1315 951 1352 1014 ad
1363 970 1454 1032 quem
1464 952 1597 1030 Epistola

90 1051 175 1128 piene
192 1047 309 1126 Maliejn
328 1045 504 1106 adornatam
525 1058 734 1122 excusamque
756 1045 813 1104 Ve·
872 1050 980 1110 2444444
1007 1051 1103 1128 Papae
1120 1053 1223 1108 exstat
1243 1057 1275 1107 ct
1295 1047 1391 1107 altere
1410 1047 1440 1108 S.
1458 1044 1598 1106 Bouiiaeii
1645 1069 1648 1076 ·

3 1147 4 1160 *
91 1158 177 1204 ronne
200 1142 259 1203 An.
280 1140 359 1202 4734)
381 1137 493 1217 duplici
516 1140 546 1198 in
568 1139 617 1199 iol.
638 1137 811 1210 volumine,
875 1143 913 1203 de
927 1142 1094 1221 privilegiis
1112 1141 1299 1222 singularum
1318 1141 1539 1220 provinciarum
1555 1139 1596 1197 illi

3 1257 5 1320 ς
90 1238 191 1314 mque
209 1242 311 1296 tamen
332 1235 452 1311 praeter
477 1247 588 1292 novam
606 1233 812 1292 recensionem
871 1237 1033 1315 esposuit,
1049 1234 1169 1296 laudata
1192 1233 1230 1295 ab
1251 1231 1414 1296 llincmero
1435 1232 1595 1293 llhemeust

3 1367 4 1414 3
89 1345 212 1410 operum
223 1329 254 1389 S.
270 1325 374 1387 Hilerir
387 1324 425 1386 ed
438 1323 581 1388 lisono.
595 1325 813 1398 veronensem,
874 1335 948 1389 tom.
962 1329 993 1388 e.
1008 1323 1083 1407 opp.
1103 1345 1170 1406 pag.
1189 1327 1246 1389 457
1263 1325 1337 1387 vide
1349 1324 1597 1388 sammarthanus

87 1422 181 1502 quoad
196 1427 360 1482 tractatum
375 1418 553 1479 inPsalmos
566 1423 597 1478 et
609 1417 650 1478 de
665 1419 812 1486 ariarate
873 1427 947 1482 4444.
966 1424 995 1482 4.
1013 1420 1127 1482 Galliae
1145 1418 1257 1480 Christ.
1276 1435 1305 1498 p.
1324 1419 1392 1480 865.
1413 1457 1415 1463 ,

3 1535 4 1556 ¹
89 1521 226 1579 exactam
242 1514 325 1576 eolla
351 1513 441 1592 plane
458 1525 543 1572 ‘nore
560 1511 727 1573 etalitrnde
753 1527 815 1571 nou
913 1513 1099 1578 llltAltltls
1110 1515 1356 1592 Gallosquicum
1374 1515 1518 1591 Prospero
1529 1525 1599 1571 son.

89 1611 164 1672 odite
183 1609 328 1688 reperies.
349 1608 429 1669 Sunt
445 1611 547 1668 tamea
563 1605 604 1665 ibi
616 1611 765 1666 tractatus
781 1607 810 1664 in
873 1611 914 1670 sit
930 1615 962 1669 et
982 1607 1019 1670 ad
1041 1605 1354 1689 Augustinum‚e1ue
1372 1605 1600 1667 addictissimus

3 1777 5 1790 .
89 1712 152 1766 octo
174 1704 312 1783 psalmos
331 1703 403 1781 plus
428 1700 520 1761 nimis
544 1699 639 1760 meulto
662 1698 699 1758 ab
726 1698 815 1759 editis
874 1703 1053 1778 sententiae,
1070 1701 1191 1780 scripsit
1208 1699 1312 1775 laicus,
1322 1715 1414 1777 quem
1426 1705 1457 1758 et
1471 1701 1599 1776 4444444-
1648 1749 1651 1760 .

3 1823 4 1844 r
89 1797 310 1870 disereti‚narn
324 1802 360 1855 et
377 1794 472 1855 multo
488 1793 643 1855 breviores
661 1797 734 1853 sunt
752 1790 814 1852 edi·
876 1813 946 1858 rum
969 1796 1160 1875 Augustinus
1180 1792 1217 1855 de
1234 1793 1447 1874 praedestinat.
1474 1793 1600 1854 Sancto·

89 1892 139 1964 tis,
154 1895 187 1950 et
209 1889 361 1950 interdum
376 1887 414 1949 ab
426 1888 485 1947 illis
498 1886 680 1965 discrepant.
876 1905 943 1950 rum
960 1895 992 1950 et
1010 1890 1181 1951 celestinus
1197 1889 1276 1966 Papa
1292 1889 1361 1964 (non
1384 1879 1455 1947 ante
1476 1884 1597 1945 Annum

127 1983 193 2045 Non
207 1988 280 2044 ente
294 1981 408 2042 multos
419 1993 515 2042 arrnos
528 1981 558 2040 P.
570 1980 604 2040 ll.
619 1979 663 2040 Jo.
676 1979 813 2057 cryeost
880 1981 950 2058 430)
968 1981 1047 2042 dlios
1067 1981 1217 2060 appellet,
1239 1976 1319 2040 uode
1342 1978 1564 2057 Prosperrouus
1583 1993 1600 2036 a

90 2075 278 2137 lrombelias
292 2073 366 2134 Aoo.
384 2073 416 2134 S.
433 2073 544 2134 itariae
564 2072 602 2133 de
618 2075 705 2133 Reno
718 2073 814 2134 Cano
874 2070 1059 2136 uiris'doctis
1074 2073 1251 2154 appellatur,
1268 2079 1299 2133 et
1312 2073 1350 2134 ab
1360 2071 1528 2134 Arelatensi
1540 2087 1600 2132 noa

91 2175 145 2228 nio.
160 2167 271 2246 llegul.
287 2167 528 2246 congregationis
545 2167 629 2226 Rern.
655 2165 814 2245 epistolam
877 2171 1079 2247 minusquam
1099 2167 1442 2245 Syracusauodirarsus
1457 2165 1599 2227 creditur:
1645 2163 1647 2168 '
1693 2219 1695 2224 .

91 2261 253 2340 quemdem
267 2273 450 2337 anonymam
465 2261 685 2339 paraeneticam
698 2277 735 2320 ex
747 2256 819 2320 God.
878 2261 954 2340 Ejus
969 2261 1104 2340 Epistola
1115 2261 1151 2322 ed
1169 2261 1372 2339 Augustinus]
1384 2263 1464 2324 circe
1478 2257 1600 2321 Annum

92 2353 219 2432 quodam
241 2353 304 2414 tls
317 2353 462 2431 vulgavit,
480 2351 691 2430 eamdemque,
709 2355 821 2429 scripta
879 2357 938 2416 lttt
960 2355 1031 2416 data
1053 2362 1121 2434 post
1143 2355 1278 2434 Prosperi
1305 2353 1471 2432 Epistulam
1494 2354 1602 2431 legitur

91 2447 285 2528 longiuscula
304 2443 509 2525 prestatione,
541 2447 572 2506 S.
600 2445 700 2506 44414444
726 2447 822 2506 Picta·
878 2450 957 2509 inter
973 2448 1211 2526 Augustinianas
1232 2447 1380 2510 CCXXVl
1403 2449 1432 2506 44
1454 2445 1524 2507 edit.
1546 2447 1601 2508 lle·

92 2543 188 2602 4444444
217 2537 373 2600 4444444444
397 2545 524 2600 conatus
548 2537 715 2616 est,quod
733 2538 819 2598 evin·
880 2543 1058 2602 nedletinor.
1085 2545 1123 2618 (in
1143 2541 1292 2619 prioribus
1317 2540 1506 2615 editionibus)
1531 2544 1611 2599 anto

93 2636 169 2695 cisse
183 2632 242 2692 sibi
263 2633 397 2707 censuit,
415 2629 580 2710 tumouod
603 2632 840 2708 scriptorisoii·
878 2636 986 2697 librum
1007 2635 1046 2695 de
1063 2633 1337 2714 praedestinatione
1360 2635 1538 2694 Sanctorum
1564 2629 1600 2692 ad

93 2727 203 2790 saeculi
222 2723 378 2802 Arianaei;
392 2724 473 2803 quod
493 2727 661 2802 scripturae
678 2726 813 2784 testtmo
878 2731 1059 2807 receperam
1086 2735 1119 2787 et
1143 2729 1307 2803 Hilarium)
1334 2733 1427 2802 atque
1448 2727 1477 2784 in
1499 2725 1601 2784 limine

95 2823 140 2882 nia
162 2837 226 2882 4444
250 2817 373 2898 quidem
394 2833 431 2877 or
460 2819 599 2877 44444444
616 2818 815 2894 Hieronymi,
874 2839 1000 2903 operum
1019 2823 1049 2884 s.
1066 2823 1202 2899 Prospere
1220 2821 1293 2880 edit.
1309 2818 1494 2880 Benedictio.
1508 2818 1600 2877 laris.

94 2915 143 2976 ed
160 2931 201 2975 ex
224 2914 316 2986 itala.
334 2918 368 2972 nt
386 2917 450 2990 lpse
466 2910 659 2972 erembertus
673 2911 728 2971 sibi
751 2927 818 2988 44-
876 2915 952 2980 4444
974 2917 1023 2976 ror.
1039 2929 1108 2992 pag.
1129 2917 1168 2975 44
1184 2915 1275 2976 eam
1292 2913 1325 2972 m
1338 2912 1455 2990 ceorgn
1472 2912 1603 2972 cassen-

92 3007 349 3086 suadet,repetet;
359 3003 439 3083 quod
450 3003 579 3082 (44444444
588 3002 690 3064 Hilarii
702 3002 817 3082 stylum
876 3009 921 3071 dri
944 3007 1094 3088 Operibus
1108 3025 1174 3086 pag.
1191 3007 1271 3070 ola·

93 3105 313 3179 caeteramque
335 3097 490 3160 scribendi
507 3099 653 3158 retinnem
672 3098 713 3158 illi
731 3097 817 3157 iami-
916 3097 1600 3177 nltAltlllssrrrdue,intrarllttlttlsPapo.

97 3197 202 3257 liorem
218 3193 378 3274 praeierat.
396 3191 473 3252 lt'ihil
487 3191 577 3252 modo
587 3191 719 3251 occasui
735 3189 816 3269 quod
915 3195 1095 3256 lllLAillUS
1126 3196 1278 3254 Diaconus
1297 3195 1453 3254 ltomonus·
1472 3209 1509 3253 ex
1532 3194 1598 3253 terti

94 3305 235 3369 aggerem
253 3289 320 3346 vtro
339 3286 378 3348 cl.
402 3285 537 3363 mihique
562 3285 658 3345 veteri
686 3285 818 3345 amicitia
875 3285 1329 3356 Arianorumadversariocirca
1339 3285 1602 3350 4444443445444ὁ

95 3385 277 3457 coniuncto;
294 3381 405 3440 vellem
423 3386 526 3440 tamen
540 3379 714 3456 assignasse
732 3375 822 3438 illum'
873 3381 1046 3457 otterianus,
1057 3379 1172 3440 Auctor
1182 3379 1310 3440 hebetur
1318 3378 1600 3440 commentariorum

95 3480 241 3537 rationem
258 3491 334 3550 ,eur
351 3475 526 3551 Scripturas
553 3473 694 3532 44444444
715 3477 819 3532 utatur
875 3474 906 3533 in
920 3475 951 3536 8.
965 3473 1058 3535 Pauli
1073 3471 1225 3554 Epistulas
1241 3477 1293 3551 qui
1313 3475 1392 3534 iuter
1407 3475 1437 3535 S.
1452 3473 1601 3534 Ambrosii

94 3571 214 3631 diversa
236 3568 347 3642 ebea,
372 3581 462 3645 quam
484 3563 624 3646 ¹Hilarius
644 3567 673 3624 in
695 3565 820 3643 reliquis
874 3585 965 3648 opera
977 3571 1068 3629 toties
1078 3565 1222 3628 viderunt
1233 3568 1341 3642 lucem,
1358 3575 1389 3628 et
1406 3583 1534 3646 quorum
1548 3583 1601 3628 au·
1635 3563 1640 3574 ’

95 3663 239 3743 operibus
252 3661 404 3723 adhibeat.
417 3661 515 3721 Unum
529 3661 700 3721 alterumve
716 3657 821 3719 discri-
874 3669 941 3722 otor
958 3667 1076 3722 rectore
1090 3660 1200 3722 domus
1216 3663 1281 3724 bill
1296 3664 1361 3722 sive
1379 3661 1532 3724 Ecclesiae
1543 3663 1602 3724 Da-

96 3759 183 3818 miais
199 3757 291 3818 huius
307 3753 484 3832 exemplum
511 3753 696 3833 depromam.
713 3754 747 3815 S.
766 3753 821 3813 llu-
877 3756 981 3830 masio,
1009 3755 1065 3816 hoc
1087 3762 1134 3816 est
1158 3771 1217 3815 non
1251 3763 1322 3818 ente
1344 3755 1466 3817 Annum
1488 3755 1601 3817 Christi

96 3853 188 3913 larius
205 3853 235 3912 in
257 3849 366 3911 isaim.
383 3848 426 3908 st
442 3845 517 3908 iliud
540 3847 686 3908 4444444444·
699 3849 750 3907 lll.
771 3847 818 3907 33.
842 3849 847 3857 ’
875 3851 934 3910 366
949 3865 982 3909 se
1000 3851 1159 3927 scripsisse
1176 3856 1308 3911 testatur
1319 3852 1348 3910 in
1365 3852 1392 3910 4.
1405 3850 1535 3910 Timotir.
1550 3851 1598 3910 til.

97 3946 135 4006 ite
151 3946 286 4025 proiert:
303 3941 444 4020 Quaerite
459 3957 597 4020 pmmum
612 3955 739 4016 reperent
756 3940 818 4015 Dei,
876 3942 923 4004 t5.
942 3943 1067 4004 Fundus
1079 3943 1173 4004 huius
1184 3946 1355 4004 sententiae
1367 3945 1397 4004 8.
1410 3945 1602 4022 Augustinus

96 4044 125 4099 et
128 4037 285 4118 justitiane
295 4036 363 4098 eius
372 4041 402 4097 44
410 4036 512 4096 omnio
520 4032 760 4115 prcesmbuntur
770 4053 820 4096 oo·
877 4036 928 4112 qui
951 4035 1042 4096 verba
1060 4053 1099 4096 ex
1116 4036 1199 4096 hisce
1218 4037 1451 4096 Commentariis
1464 4035 1502 4094 ad
1520 4035 1545 4094 V
1562 4033 1600 4094 ad

98 4129 151 4193 bis.
177 4131 296 4193 Author
320 4147 393 4190 vero
421 4127 564 4207 epietclae
584 4127 610 4207 ἓ.
634 4129 672 4189 la
693 4145 759 4206 pag.
782 4125 819 4188 tr
875 4127 960 4189 dom.
981 4126 1108 4188 laudans
1128 4129 1176 4187 lv.
1195 4130 1211 4186 4
1233 4133 1338 4187 444444
1355 4125 1432 4187 dues
1448 4127 1601 4205 Epistoles

99 4225 172 4286 baec
199 4225 291 4286 verbs
311 4227 356 4285 444
372 4221 663 4301 44444444444444444
683 4220 819 4302 quaerite
858 4223 1114 4300 ·Pelagianorum,
1137 4225 1274 4281 sonetum
1295 4217 1449 4280 Hilarium
1469 4221 1601 4298 appellat

98 4335 224 4398 repeton
251 4318 305 4380 bei
318 4362 326 4394 ,
354 4323 385 4378 et
406 4315 479 4377 44444
506 4316 605 4377 omnio
633 4322 820 4397 opponentur
875 4326 1039 4380 auctorem.
1062 4314 1238 4375 incredibile
1255 4315 1331 4383 aliis,
1349 4316 1602 4394 sanctumeppel·

98 4410 189 4474 cobis.
208 4415 241 4473 ln
264 4413 432 4492 lrsgmento
453 4409 530 4488 apud
554 4411 584 4480 S.
613 4409 758 4471 ililerium
775 4411 819 4473 sie
875 4413 970 4473 laturo
987 4411 1025 4472 ab
1042 4411 1219 4488 Augustino,
1237 4410 1288 4488 qui
1302 4411 1482 4486 Hieronymo
1494 4409 1602 4470 adver-

98 4505 206 4585 legitur
224 4505 297 4566 illud
313 4509 340 4566 t.
355 4507 423 4565 Gor.
442 4502 523 4563 ltili.
546 4506 584 4564 tu
600 4507 704 4563 ’444444
718 4508 819 4562 ouem
875 4521 929 4566 eus
955 4503 1157 4565 luciferianos
1185 4502 1346 4564 Deucalion
1365 4503 1475 4577 Orbis,
1493 4509 1526 4563 et
1549 4505 1601 4582 qui

100 4598 203 4674 444444,
218 4597 451 4680 spercborrtos:
468 4600 497 4658 in
516 4599 602 4674 epist.
620 4597 646 4675 g.
666 4597 698 4658 24
722 4613 751 4674 p.
769 4599 819 4657 54.
874 4598 1099 4676 Pelagiaoarum
1111 4596 1461 4676 etSemipelagianorum
1472 4603 1597 4658 senten-

98 4691 333 4752 llonentoatcnr
342 4689 490 4752 erobore
505 4687 819 4770 fidesepesdilectio.
876 4691 987 4752 tiorum
1013 4692 1152 4767 arguitur
1178 4708 1195 4751 a
1223 4692 1361 4762 Cornelio
1382 4693 1526 4753 lensenio
1548 4693 1599 4752 Vll

99 4787 141 4846 lle
169 4787 318 4848 8444444444
341 4785 415 4846 libro
437 4788 477 4847 x.
505 4786 585 4846 Deus
607 4781 704 4863 filium
731 4796 821 4846 suurn
876 4785 896 4846 4
916 4783 954 4845 da
975 4783 1091 4844 haeresi
1119 4785 1277 4864 Pelagiano
1296 4793 1368 4848 tom.
1391 4789 1418 4848 4.
1438 4803 1506 4866 pag.
1533 4787 1601 4847 tos.
