3562 5580
197 73 256 136 las
785 57 1119 122 HADRIANUS

191 178 355 244 succedere
373 177 403 236 in
422 171 600 254 parricidiis,
617 187 675 232 non
695 174 783 232 Petro
801 173 829 230 ln
852 171 916 228 nvi·
963 185 1027 230 sam
1051 171 1084 228 44.
1099 165 1222 228 Lutberi
1242 171 1413 246 spectantes
1432 163 1476 228 'ad
1503 165 1671 227 4046044000

191 275 249 339 bus
266 269 435 352 pascendis.
451 271 532 330 Bene
548 281 619 344 orgo
644 265 755 330 dicitur
773 281 832 323 non
851 270 915 323 tam
967 263 1096 322 Elector.
1110 260 1180 330 Sar.
1196 267 1226 320 et
1240 260 1278 320 an'
1293 256 1481 322 Conventum'
1502 259 1625 320 linrimb.
1642 259 1673 320 A.

192 364 397 443 nuncupative
411 378 502 440 quam
518 359 710 422 substantive
727 372 836 417 sarnus
852 371 917 416 ser-
974 355 1060 416 4632
1077 355 1104 428 a)
1122 369 1178 414 nec
1194 355 1296 414 minus
1312 352 1349 413 ad
1363 353 1529 426 Erasmum,
1550 351 1679 414 collectae

192 476 301 524 vorum
318 454 628 518 aelemosinam
646 451 745 512 servis
761 450 917 532 avaritiae,
972 449 1038 510 aV.
1055 448 1089 508 6.
1106 447 1211 509 Carolo
1222 449 1402 521 normanno,
1417 445 1571 524 editasque
1582 445 1616 506 ad
1627 446 1681 505 cal·

182 553 223 615 id
241 561 288 616 est
311 551 473 624 Romanis,
492 558 617 608 necesse
631 552 698 619 est3
716 544 789 605 adan
808 549 843 604 ut
862 541 919 600 nisi
973 557 1039 603 eam
1057 541 1124 621 ejus
1144 539 1231 601 Vitae
1249 556 1315 618 pag.
1333 538 1403 600 443.
1421 537 1457 598 ad
1471 537 1541 600 4464.
1568 535 1682 614 subjun-

197 647 355 718 servierit,
379 643 431 704 liat
456 647 511 702 aut
527 638 734 718 Expontiiex,
756 643 810 698 aut
826 635 922 696 Erro·
975 637 1033 695 ctis
1051 633 1207 694 Wiibelmi
1224 631 1262 694 de
1279 631 1422 694 Lochnrst
1443 629 1605 691 litterisdo
1623 629 1682 707 ejus

196 755 315 802 manus.
334 739 414 798 ilaec
428 735 597 796 tiberinus.
912 729 915 734 '
978 728 1070 788 obitu.
1086 726 1201 786 Omitto
1223 725 1278 784 alia
1297 731 1458 786 memorata
1477 723 1622 784 Lndovico
1641 723 1683 782 ia·
1774 783 1775 786 ,

236 827 459 894 HADRIANUS¹
473 827 509 888 V.
524 832 615 887 antea
635 818 850 884 octobonosde
864 816 926 879 Fit·
981 820 1055 882 eobo
1069 835 1086 880 a
1102 821 1132 880 S.
1148 819 1254 880 Cannio
1270 835 1298 897 p.
1319 817 1387 878 407.
1405 816 1477 877 sibi.
1495 814 1663 877 laodiciae.

196 943 245 988 sco
262 923 456 995 Genuonsis,
474 918 606 996 Papaab
624 916 685 978 An.
703 913 794 976 4276.
809 913 869 974 404.
886 911 924 972 46
1018 913 1118 974 Vitam
1136 912 1228 988 huius
1243 907 1527 987 Pontificisscripsit
1538 905 1686 969 Gerendus
1770 939 1775 960 .

198 1019 235 1080 ad
257 1016 450 1096 sagunnae
467 1011 605 1091 ejusdem
625 1010 715 1070 Anni.
735 1003 928 1069 (3000444060α
978 1005 1147 1085 Morinpus,
1165 1003 1539 1080 Theolognsbovaniensie
1556 1047 1563 1076 ‚
1583 1000 1685 1062 editam
1774 1055 1775 1058 ,

200 1107 495 1174 nos-Ecclesiasticus
506 1119 583 1184 quas
597 1103 638 1164 ilii
655 1101 761 1162 tribuit
776 1096 856 1176 apud
869 1099 927 1157 Lu·
982 1101 1105 1161 lovanii
1134 1099 1220 1160 4666.
1237 1109 1307 1158 cum
1327 1095 1460 1157 iconibus
1477 1107 1543 1155 aere
1569 1093 1689 1169 decemp

200 1206 342 1268 dovicum
364 1200 510 1262 iacobum
538 1197 771 1274 liupipooaeus,
801 1191 839 1251 de
869 1189 927 1250 iliis
982 1195 1042 1269 tis,
1057 1209 1148 1271 quam
1167 1190 1260 1251 nitide
1282 1187 1482 1250 recudendum
1499 1188 1616 1248 curauit
1635 1181 1689 1246 lau·

200 1297 355 1374 intellige,
373 1308 450 1372 quas
468 1291 600 1352 anoton
617 1286 785 1350 cernimus
797 1285 927 1361 negatus
958 1307 962 1314 ¹
981 1287 1071 1348 datus
1088 1287 1215 1349 Carolus
1230 1287 1438 1354 normannus,
1461 1277 1688 1359 riopollensi.

202 1394 235 1452 in
250 1389 390 1467 Angiiem
409 1382 734 1446 missusuClemente
751 1377 878 1438 lV.Eits
896 1374 929 1434 44-
984 1382 1010 1440 4,
1038 1382 1126 1458 eique
1158 1383 1276 1457 praeter
1305 1373 1439 1438 eruditas
1471 1381 1556 1435 notas
1576 1371 1690 1456 subjun-

204 1479 376 1546 lustrandas
393 1478 450 1538 sibi
467 1475 578 1538 sumsit
602 1473 732 1533 1000000
749 1467 929 1532 ACTONUS
985 1475 1028 1534 xit
1046 1475 1074 1548 l)
1091 1474 1189 1533 Vitam
1204 1468 1340 1547 eiusdem
1353 1470 1448 1546 Papae
1459 1467 1568 1528 edium
1580 1484 1596 1528 a
1608 1463 1691 1526 Punic

203 1575 272 1636 sivd
296 1572 334 1635 de
359 1569 536 1646 AGTONA,
561 1567 599 1628 de
616 1583 676 1644 quo
695 1581 786 1643 supra
804 1570 876 1623 torn.
899 1563 929 1621 4.
987 1565 1084 1642 invio,
1101 1573 1133 1626 et
1153 1565 1223 1644 plus
1237 1563 1364 1641 simplici
1379 1562 1445 1620 vice
1459 1559 1567 1639 praelis
1585 1557 1691 1631 datam,

155 1739 157 1744 ¹
207 1686 273 1748 pag.
293 1671 321 1728 6.
415 1693 416 1696 “
610 1688 616 1694 ·
888 1679 889 1684 ’
983 1658 1072 1737 cujus
1082 1659 1185 1720 italica
1196 1669 1315 1735 qunque
1333 1656 1431 1715 versio
1442 1655 1539 1714 iucem
1555 1649 1628 1712 vidit
1637 1651 1693 1710 Flo-

244 1757 462 1823 HADRIANUS
478 1757 516 1818 lv
530 1747 646 1832 ,00400
665 1748 845 1813 Hadrianus
865 1744 931 1806 444)-
985 1755 1100 1813 rentiae
1119 1750 1205 1813 4649.
1217 1751 1245 1809 8.
1264 1749 1291 1822 2)
1311 1747 1456 1810 Coneiooe
1468 1749 1532 1807 sive
1547 1745 1692 1806 Historiam

205 1853 300 1916 rentii
321 1853 442 1920 dictus.
461 1853 597 1928 naupego
621 1841 930 1925 patro„Tra1octinus
985 1845 1154 1916 conclavis,
1175 1844 1203 1902 in
1222 1859 1281 1920 quo
1295 1842 1414 1902 ciectus
1429 1839 1594 1901 Hadrianus
1606 1837 1694 1897 74.οι

205 1949 315 2028 Belga:
346 1951 436 2006 natos
462 1942 519 2005 An.
559 1940 646 2002 libii.
678 1940 730 2000 xi.
758 1937 854 1998 uana
869 1949 932 2010 ‚ex
986 1941 1062 1998 Dan.
1079 1934 1276 2018 Popebrocia'i
1298 1935 1458 2016 propylaeo
1475 1932 1512 1994 ad
1529 1931 1604 1992 Acta
1622 1931 1689 1991 San-

205 2047 398 2123 praeceptore
419 2037 517 2098 Caroli
536 2035 628 2111 ll‚et
645 2031 829 2094 cancellario
843 2071 849 2103 ‚
863 2029 934 2104 Epi·
981 2039 1054 2094 otor.
1072 2029 1138 2109 stoji
1157 2047 1222 2109 pag.
1242 2023 1308 2090 liti.
1328 2033 1360 2088 oc
1388 2021 1559 2088 Boreioroii
1575 2019 1696 2100 cottidi

206 2149 317 2212 94044448
332 2129 553 2202 44444445444848
569 2134 600 2187 ti
628 2123 778 2205 genffllis
792 2137 860 2200 -pfli
885 2121 934 2180 444·
988 2123 1106 2189 Stravit
1121 2123 1262 2186 fasciculo
1279 2121 1318 2183 lli
1333 2139 1398 2200 pag.
1414 2121 1522 2197 diosq.
1537 2117 1693 2198 praemissa

208 2228 345 2308 spaniam
362 2225 535 2303 4444484404,
546 2227 639 2298 atque
656 2218 714 2278 444·
729 2214 817 2278 4547·
833 2211 935 2276 Catii!-
987 2219 1124 2298 ejusdem
1140 2217 1253 2278 Struvii
1268 2215 1363 2276 bravii
1380 2207 1600 2284 dissertatione,
1616 2205 1697 2269 eonb

208 2322 302 2383 neiis:
321 2326 475 2399 postremo
489 2314 616 2394 Popuob
630 2309 878 2373 4445224644-
897 2307 935 2368 444
989 2315 1160 2376 servatione
1169 2311 1208 2371 de
1220 2323 1344 2371 nummo
1355 2309 1505 2368 rarissimo
1517 2302 1635 2380 majoris
1645 2315 1697 2361 mo

206 2415 246 2477 44
261 2414 385 2475 Annum
406 2411 494 2471 ⁴523·
513 2406 681 2486 4444444444444·
702 2405 748 2465 44·
769 2401 842 2464 Vide
858 2401 936 2461 0⁰1¹·
989 2409 1062 2482 doli,
1077 2407 1106 2466 in
1123 2405 1265 2466 44000000
1283 2401 1419 2464 liadriani
1437 2399 1485 2459 Vi.
1500 2413 1583 2458 cuso.
1602 2395 1629 2470 3)
1653 2389 1698 2452 444-

209 2507 273 2570 radi
292 2507 406 2566 Vecerii
429 2503 604 2563 Orationem
633 2497 746 2558 dictam
771 2497 882 2556 Romae
907 2494 937 2552 in
990 2497 1149 2570 „orariam
1163 2495 1303 2558 Hadriani
1320 2493 1358 2554 vi
1377 2491 1416 2554 ab
1431 2491 1570 2569 Hispania
1585 2489 1696 2548 iiomam

208 2599 276 2680 44445
294 2601 420 2672 lunera,
438 2596 537 2657 4444444
555 2592 724 2654 auctarium
739 2605 806 2667 4444·
822 2588 870 2646 99·
992 2603 1099 2672 usqne,
1117 2607 1151 2652 ac
1172 2591 1266 2669 ipsius
1279 2585 1474 2649 Pontificatus
1490 2589 1636 2654 eventus,
1653 2593 1698 2656 per

228 2715 229 2718 ’
251 2693 389 2755 Hadriani
408 2691 464 2764 Vl,
483 2689 594 2765 86444444
623 2687 718 2745 sunt:
741 2678 933 2756 0444444664
986 2683 1151 2748 acastum
1170 2677 1334 2755 Ortizo'um,
1353 2695 1390 2739 ex
1408 2675 1479 2737 edit.
1496 2675 1634 2735 Toletano
1650 2670 1697 2729 An.

210 2793 241 2848 ct
265 2783 487 2866 Disputationes
505 2780 537 2840 io
554 2781 699 2858 quartum
717 2770 934 2836 tmitmiartim
988 2777 1074 2842 4646.
1092 2779 1124 2834 04
1148 2771 1259 2834 baluzii
1285 2777 1306 2828 t.
1325 2771 1352 2830 3.
1370 2769 1451 2827 llisc.
1470 2783 1497 2844 p.
1516 2764 1584 2824 364.
1605 2759 1640 2821 de
1655 2775 1698 2818 su·

211 2881 249 2942 de
270 2881 424 2942 Ecclesiae
453 2873 684 2952 sacramentis,
711 2867 802 2926 Paris.
836 2863 933 2936 4642,
989 2875 1075 2950 pron,
1089 2865 1237 2944 ipssa,
1252 2864 1277 2934 ti
1300 2853 1562 2924 corooio'o'piaroiir‘
1577 2849 1698 2913 Gandani

214 2977 311 3050 4646,
331 2973 418 3045 4648,
438 2966 526 3041 4627,
538 2966 586 3025 404.
599 2966 685 3023 Rom.
702 2961 782 3022 4622
801 2953 935 3018 40444460
989 2957 1187 3043 Apoealypsis
1200 2945 1700 3035 cooporoparoodoelicotesioceo

215 3069 342 3149 insignia
366 3083 404 3125 cx
423 3063 481 3122 iliis
503 3058 690 3137 specimina,
713 3050 791 3130 apud
821 3053 937 3110 Launo«
987 3051 1172 3135 promotione
1194 3045 1351 3112 Hadriani
1379 3039 1425 3107 Vi.
1452 3060 1488 3104 er
1516 3041 1575 3112 ils.
1600 3039 1699 3098 sonan

213 3166 278 3246 ium
297 3166 383 3241 parte
406 3159 433 3217 4.
455 3155 551 3233 Epist.
573 3148 602 3209 7.
733 3227 736 3233 ¹
991 3147 1126 3209 Vulcanii
1139 3145 1168 3202 in
1187 3141 1324 3203 Biblioth.
1342 3137 1488 3199 Leidensi.
1507 3136 1534 3206 si
1556 3133 1699 3194 variorum

254 3249 449 3332 04404444οΜ4
479 3239 701 3322 (4604444444464
729 3237 793 3296 XH-
826 3237 935 3296 Levan.
994 3241 1089 3320 elogia
1107 3245 1138 3298 04
1151 3237 1263 3297 breves
1284 3235 1364 3293 vitae
1381 3229 1598 3307 descriptiones
1609 3219 1701 3302 0324.

217 3351 317 3416 ibib,
333 3345 420 3406 4648-
440 3341 530 3402 Paris·
551 3335 651 3409 4544,
672 3332 761 3407 4548.
780 3331 867 3392 4544-
887 3329 939 3387 Pii·
994 3348 1057 3411 seq.
1075 3338 1206 3391 etsecus
1221 3323 1367 3406 quaedam
1393 3329 1484 3398 atque
1510 3321 1538 3378 in
1562 3318 1702 3376 sinistram

216 3442 268 3500 ris.
291 3439 363 3500 4634
386 3437 438 3511 ,8.
456 3438 488 3492 04
503 3446 574 3490 eum
602 3423 830 3504 quaestionibus
852 3422 936 3480 ioan.
994 3430 1110 3504 partem
1133 3421 1170 3481 de
1191 3437 1226 3480 eo
1244 3423 1354 3495 scripta
1375 3433 1402 3494 p.
1416 3415 1483 3476 428.
1497 3427 1582 3488 seqq.
1608 3409 1633 3481 64
1654 3405 1701 3464 liti

217 3531 353 3603 solandi,
371 3527 535 3596 Arnensis,
553 3519 649 3598 Lngd.
669 3517 765 3590 4646,
784 3516 811 3574 8·
993 3512 1294 3592 eumontaqoaedam
1313 3509 1349 3571 ad
1363 3505 1502 3570 Hadriani
1516 3505 1562 3566 vl,
1573 3498 1701 3562 40044400

257 3601 940 3694 Sermodeaooeaiopertusosivadosaparbio
995 3609 1196 3690 pertinentia,
1218 3621 1285 3684 pag.
1307 3605 1375 3664 544.
1402 3600 1469 3663 622.

218 3724 352 3796 itemque
370 3727 469 3775 sermo
482 3704 697 3788 paraeneticut
714 3691 941 3779 inscompvivm
1036 3699 1254 3764 annulinus
1270 3696 1498 3769 Cartbusianus‚
1509 3691 1539 3750 in
1555 3683 1702 3750 Cartbnsiu

218 3811 346 3876 iorninie
362 3802 560 3888 uqcmzooiit.
586 3801 669 3860 dont·
690 3797 767 3858 4622
783 3839 790 3869 ,
809 3794 857 3853 iol·
877 3805 939 3852 unt
977 3797 1096 3856 ’040400
1112 3793 1202 3855 Menti
1221 3791 1251 3852 S.
1270 3786 1428 3850 Gertrudis
1454 3788 1482 3845 in
1500 3783 1626 3845 confinio
1645 3779 1703 3837 en-

116 3904 121 3912 ’
219 3894 289 3971 cum
308 3899 536 3984 quaestionibus
553 3897 583 3954 in
608 3897 750 3972 quartum
773 3885 944 3948 600400444-
998 3889 1117 3950 4004400
1134 3890 1165 3946 04
1183 3881 1353 3944 lloliandiae
1378 3883 1455 3942 circa
1485 3876 1605 3939 Annum
1626 3865 1701 3933 4444.

220 4019 307 4075 rum,
326 4006 357 4060 et
373 3994 537 4074 separatim
556 3987 716 4063 Antwerp.
736 3980 816 4044 4620
837 3981 863 4038 4.
992 3981 1137 4059 ‘example
1165 3976 1315 4038 lii-anoloni
1335 3973 1512 4035 Petrambae
1537 3966 1652 4046 scripsit
1675 3957 1705 4018 li·

217 4123 220 4130 »
261 4089 391 4174 nepotas
409 4081 620 4151 Concoiiurioc
638 4081 743 4156 ,itom
761 4075 839 4138 4623
854 4079 945 4148 atque
999 4078 1087 4137 brum
1104 4071 1140 4132 de
1150 4067 1291 4131 remediis
1302 4067 1466 4145 iuniusque
1478 4061 1617 4143 fortunae
1627 4067 1705 4116 excu-

224 4187 295 4248 inde
312 4182 521 4260 Antwerpiac.
1002 4185 1071 4230 sum
1091 4166 1157 4226 sine
1173 4161 1244 4223 anni
1262 4167 1331 4221 nota
1347 4165 1378 4220 et
1395 4161 1461 4220 ioci.
1482 4155 1555 4218 Vide
1574 4155 1704 4215 ulmeam

265 4277 353 4340 440440
368 4281 546 4354 sepontum
563 4262 757 4328 triennalium
773 4261 850 4321 inter
862 4253 950 4318 Prin·
1003 4277 1070 4340 pag.
1088 4257 1127 4318 84
1145 4255 1279 4316 auctarii.
1296 4251 1434 4315 Eundem
1451 4249 1558 4311 librum
1579 4243 1636 4306 iis.
1655 4251 1707 4299 me

222 4373 300 4450 cipes
333 4367 524 4432 Christianos
553 4361 608 4423 An.
635 4357 712 4420 4623
739 4355 766 4414 4.
784 4351 884 4422 edita,
901 4348 950 4407 cui
1005 4356 1103 4412 morat
1116 4347 1269 4410 Soodoops
1285 4351 1370 4425 pao-op
1383 4331 1411 4405 2',
1428 4341 1501 4405 albi,
1519 4337 1597 4418 floig.
1611 4353 1637 4414 p.
1647 4329 1692 4394 53:

199 4473 206 4482 ι
227 4466 284 4526 An'
301 4465 311 4523 ⁴
320 4461 377 4522 δῇ
394 4459 523 4564 ὃοοθὸῗη
538 4457 600 4514 vita
615 4467 684 4556 eju?
698 4466 740 4508 ex
764 4442 899 4524 Epmto'a
917 4441 951 4502 α’
1048 4508 1074 4570 a)
1088 4511 1177 4559 40404
1193 4508 1221 4556 40
1238 4504 1357 4556 ortbulni
1375 4502 1454 4551 Gratti
1469 4473 1590 4550 fasciculo
1606 4493 1710 4554 expeten-

229 4559 326 4626 Batti,
344 4555 515 4613 Parmensis
529 4542 629 4608 dicata
644 4545 830 4648 Hieronymo
842 4534 951 4640 600440.
1004 4584 1094 4634 domm
1111 4578 1331 4642 assumendorum
1344 4577 1430 4626 coion.
1445 4573 1515 4623 1555.
1531 4571 1573 4622 Μ·
1592 4578 1645 4630 Μ.
1663 4555 1709 4608 m·

271 4643 420 4727 4444444οω4
438 4643 538 4702 variae
557 4639 699 4702 Hadriam
714 4635 762 4696 VI·
781 4638 811 4692 et
828 4629 953 4691 ³¹¹⁰s¹¹m
1004 4656 1141 4720 subirrncia
1167 4667 1225 4718 pag.
1243 4651 1297 4702 172.
1315 4652 1484 4702 instructione
1509 4646 1539 4710 ud
1564 4641 1710 4694 trenciacum

232 4741 268 4802 ad
286 4756 354 4801 oum
371 4737 511 4816 scriptae,
526 4733 555 4792 in
572 4731 686 4810 quibus
704 4735 735 4790 et
753 4727 820 4788 illae
831 4721 868 4784 ad
885 4737 954 4782 cau·
1004 4731 1181 4795 corrogatum.
1438 4749 1441 4756 =
