3562 5580
742 124 922 186 14441110
1518 132 1555 193 47

124 233 184 294 iios
201 231 260 294 445
278 229 352 292 44144
372 229 802 305 44141411161111444444444444-
857 233 999 294 tariorum
1017 234 1048 294 in
1063 234 1111 294 W.
1129 233 1347 314 Enanpeiictos,
1366 253 1442 315 quos
1460 134 1577 300 memni-

3 357 4 404 3
88 325 187 398 mine,
215 323 420 390 edidittoau.
445 325 579 403 Baptista
596 325 802 404 Viitaipandua
858 331 904 385 444
917 325 1035 387 1444444
1049 328 1199 406 pngtii.

86 419 167 478 144444.
184 419 273 492 teat,
286 418 335 478 441.
348 433 473 478 recusos
483 421 651 496 moguntiae
664 419 741 481 4644
754 419 802 480 fol.
900 419 940 478 De
956 417 1202 482 Christianarum
1223 437 1329 484 rerttm
1350 425 1495 486 memoria
1512 428 1571 501 414

123 509 180 570 Atii
200 509 335 587 Remigio
351 509 563 590 Lugdunensi,
585 512 678 585 514144
697 514 804 594 rerisig·
856 511 977 573 Christo
995 519 1064 573 neto
1086 530 1181 593 neque
1202 515 1240 576 ed
1262 524 1396 596 tempora
1411 519 1570 580 Theodosii

86 603 186 664 mitius
203 605 337 681 Remigio
357 604 612 666 Autissiodorensi
628 609 654 682 c)
672 607 804 668 tribuere
856 605 972 683 Magni,
989 602 1063 666 iidri
1083 605 1199 668 decem:
1218 609 1436 688 compendium
1455 614 1575 674 succin-
1600 653 1605 664 .

85 696 229 758 reluere:
245 682 315 758 vide
330 697 513 760 144454444444
532 699 686 760 Simonem
704 701 769 768 1454.
784 702 803 762 3
857 702 941 758 ctum
958 714 997 758 ex
1014 699 1135 760 Eusebii
1156 707 1189 760 et
1203 699 1301 762 14446444
1321 702 1449 763 Historia
1470 704 1575 764 Ecate-

85 789 153 850 5444
170 791 804 871 4141444.144411444444.4444.46.1444444-
858 791 987 852 siastice.
1015 791 1125 852 Prodiit
1149 791 1258 853 edente
1275 791 1361 854 Aiax.
1379 797 1576 874 Brassicano,

85 884 232 944 4444444444
250 884 279 942 in
297 883 424 960 priorem
447 883 613 960 Epistulam
634 884 671 946 ed
700 886 805 946 Corin·
858 884 1013 961 Hegauoae
1031 885 1103 946 4534
1125 886 1272 948 8.(144444.
1296 887 1369 950 1534
1391 889 1420 947 8.
1439 895 1470 948 et
1486 889 1575 950 4573.

3 971 4 974 ’
87 975 163 1036 45444
177 975 308 1052 petitum
322 972 496 1038 essebreve
511 977 656 1056 scriptum
669 979 805 1040 5444444444
860 977 1575 1056 465242444444544544441444414114445444444,

85 1065 119 1127 dr
133 1083 263 1146 corpora
278 1071 309 1126 44
322 1083 466 1145 mnenon
487 1068 620 1144 Domini,
643 1071 722 1147 quod
740 1087 805 1132 ser-
857 1085 928 1130 cum
943 1069 1121 1131 rudimentis
1133 1073 1239 1149 primis
1255 1072 1417 1150 Religionis
1431 1073 1577 1134 Christia-

3 1175 4 1252 j
86 1160 227 1222 monibus
253 1159 321 1236 ejus
351 1160 520 1238 subjectum
549 1163 579 1222 in
609 1162 717 1225 Codice
744 1166 804 1226 Sao
829 1237 834 1246 Ι
859 1179 930 1238 nae,
947 1165 1069 1242 scriptis
1086 1165 1322 1242 vetustaiingua
1339 1163 1575 1225 alemannorum

85 1251 285 1312 Germauensi
305 1256 435 1332 reperit,
455 1255 608 1334 ediditque
639 1257 804 1320 Daaberius
857 1255 1080 1334 Senonumque.
1106 1256 1197 1335 Lugd.
1226 1256 1387 1317 14444656
1416 1257 1462 1318 42.
1487 1263 1576 1318 etex

87 1351 157 1404 tom.
173 1345 244 1404 xit.
254 1346 397 1424 spicilegii
419 1361 485 1426 pag.
502 1347 542 1408 27
560 1355 681 1410 notatur
700 1349 738 1412 ab
751 1367 804 1412 cu·
858 1350 1032 1410 recensione
1056 1351 1182 1411 ioannis
1206 1350 1351 1412 Joachimi
1369 1348 1489 1412 14441444.
1507 1349 1577 1411 1141-

85 1438 235 1499 ratoribus
249 1437 392 1500 editionis
412 1455 507 1502 novae
523 1442 756 1520 spicilegiitom.
774 1445 801 1504 4.
859 1449 929 1536 mat
948 1441 1020 1504 4674
1040 1440 1067 1502 i.
1080 1449 1113 1503 et
1136 1459 1206 1503 cum
1225 1444 1302 1504 Petri
1326 1443 1467 1503 Galesiuii
1494 1445 1574 1506 44444

86 1547 150 1608 pag.
166 1531 215 1592 te.
234 1531 294 1592 Sed
312 1533 341 1590 in
358 1536 573 1594 commentario
585 1537 748 1612 1144444514
763 1536 801 1598 441
859 1534 945 1594 Rom.
962 1537 1038 1596 4561
1058 1536 1105 1596 441.
1124 1534 1322 1612 subjunctum
1341 1535 1501 1610 Salviano,
1516 1537 1576 1598 144-

74 1627 112 1684 4.
124 1623 262 1686 Corinth.
277 1626 329 1684 111.
345 1626 417 1688 444511
439 1627 499 1686 tale
527 1628 646 1688 invenio
670 1628 750 1707 qnod
777 1631 803 1689 si
859 1629 940 1686 ximo
956 1628 1143 1704 Taurineusi,
1160 1630 1294 1702 Piniano,
1312 1627 1443 1706 Sulpicio
1462 1630 1575 1690 Severo

3 1747 4 1800 r
86 1718 234 1794 scriptum
250 1718 288 1778 45
315 1719 454 1796 aymone
479 1726 545 1791 est,
575 1721 691 1782 nuiicrn
719 1721 804 1782 444414
858 1719 1192 1797 445544454414444434
1201 1718 1312 1783 Gallice
1324 1719 1447 1782 Claudio
1458 1721 1577 1797 Espec-

3 1803 7 1826 “
87 1809 276 1886 antiquorem
294 1817 404 1872 testem
415 1819 469 1874 aut
490 1815 667 1891 apertiorem
682 1812 806 1892 persci—
858 1827 929 1874 caeo
940 1815 1111 1892 interprete.
1124 1816 1216 1874 Paris.
1228 1813 1308 1874 4573
1322 1815 1351 1872 44.
1363 1814 1459 1874 Latini
1467 1814 1575 1874 14444444

86 1915 174 1966 netur
195 1895 423 1981 suffragatorem
444 1904 564 1967 dabitur
587 1909 696 1982 citare,
714 1907 803 1986 cujus
826 1987 831 1994 .
858 1907 1070 1984 castigationes
1086 1905 1233 1984 quaedam
1250 1907 1355 1966 obvies
1382 1908 1411 1964 in
1437 1905 1505 1982 ejus
1527 1907 1576 1966 Bi-

85 2001 147 2054 tam
167 2011 317 2073 expressa
345 1997 385 2056 sit
411 1999 579 2059 confessio:
599 1999 760 2062 Credimus
775 2006 805 2062 44
858 1997 1007 2058 514445444
1022 2015 1108 2058 seem
1124 1997 1246 2074 protana
1263 2013 1328 2074 pag.
1348 1997 1418 2057 466.
1646 2069 1648 2074 Ι

85 2085 214 2164 fideliter
227 2087 401 2166 eorrfitemnr
421 2094 451 2149 et
474 2095 624 2164 44444444,
640 2093 720 2172 qnod
732 2092 803 2154 iub.
899 2087 941 2144 De
968 2085 1114 2148 varietate
1138 2082 1304 2155 librorum,
1326 2088 1393 2146 sive
1412 2084 1450 2146 de
1470 2102 1574 2146 amore

84 2180 197 2240 4444444
210 2182 303 2259 ponis
319 2186 349 2241 44
363 2182 491 2263 niniper
506 2185 705 2263 operationem
720 2188 802 2250 Davi.
859 2177 1004 2248 Caeleetia
1017 2177 1157 2254 Patrico,
1174 2176 1240 2238 14544
1260 2178 1308 2237 111.
1325 2176 1429 2239 Gelon.
1448 2179 1519 2240 4534
1542 2180 1570 2238 8.
1670 2201 1673 2208 ’

84 2289 140 2332 rice
154 2271 282 2334 Virtutis
296 2271 535 2336 44544445544444·
561 2265 755 2340 concertatur
769 2281 801 2342 44
857 2279 888 2332 44
903 2275 994 2334 Paris.
1119 2331 1123 2338 .

83 2363 176 2426 444444
201 2364 425 2440 substantiam,
443 2368 475 2430 id
497 2375 543 2430 eat
568 2370 600 2429 in
624 2387 747 2434 earnem
770 2381 802 2436 et
880 2365 912 2420 -“
937 2366 996 2438 Qui
1030 2366 1317 2427 commentariorum
1355 2366 1507 2427 Haimonis
1543 2367 1574 2426 iu

83 2458 269 2538 seminem.
279 2461 379 2522 Etiam
392 2463 600 2524 PautiDineoni
611 2464 694 2528 incus
705 2485 797 2544 quem
852 2459 960 2520 14444444
988 2457 1149 2519 editionem
1176 2458 1386 2519 coloniensem
1414 2474 1463 2518 an.
1485 2459 1573 2520 4534.

84 2551 289 2628 flaymoniano
310 2556 474 2631 praemittit
490 2556 677 2620 Mnbiiionius
690 2567 762 2622 mm,
777 2563 789 2622 4
850 2553 977 2625 curavit,
988 2557 1020 2610 et
1033 2550 1125 2611 edidit
1140 2549 1309 2611 Eucherius
1323 2550 1522 2612 Cervicoruus
1542 2551 1571 2608 in

81 2645 207 2706 analect.
234 2661 301 2724 pag.
328 2645 398 2707 tta.
410 2646 491 2722 (edit.
509 2665 604 2710 novae
616 2639 618 2643 ’
629 2667 695 2730 pag.
717 2653 809 2730 497,)·
849 2641 958 2715 snaed
974 2657 1051 2719 opus
1065 2641 1147 2702 istud
1163 2642 1346 2719 praefatione
1363 2641 1523 2704 admonuit
1534 2659 1570 2702 ec

83 2737 212 2798 muitum
230 2737 318 2798 abest
333 2746 367 2800 ut
380 2757 434 2818 pro
455 2746 517 2800 44444
534 2740 647 2803 41444444
663 2748 800 2808 testimo·
857 2736 1132 2814 4143044444144444440
1146 2734 1296 2812 ι4144444444)
1309 2733 1379 2794 4444ῑῦ
1396 2733 1574 2796 8444444034·

83 2831 129 2890 nio
150 2829 255 2891 545444
276 2834 382 2910 possit.
855 2825 980 2901 dabant,
998 2827 1143 2905 prodiisse
1158 2825 1266 2886 alicubi
1289 2825 1397 2886 tibrum
1416 2841 1572 2886 commen-

121 2923 159 2984 m
178 2922 396 3004 Apocaipprir,
421 2925 486 2988 iibri
509 2929 569 2989 vn,
591 2931 674 2992 paris
702 2935 799 3010 4535,
854 2921 996 2980 tariorum
1015 2919 1176 2990 Haimonis,
1191 2919 1242 2994 qui
1260 2916 1454 2992 4444454444,
1480 2935 1573 2995 quern

81 3015 107 3076 8.
124 3031 163 3076 ex
179 3015 353 3093 1444544444,
370 3020 535 3096 Primasio,
553 3021 705 3084 41444444.
854 3013 917 3088 ipse
934 3010 1104 3090 premebat,
1123 3010 1219 3070 vetuti
1238 3011 1374 3070 recensio
1391 3009 1570 3087 (recognitio)

115 3109 205 3170 itura
219 3123 279 3170 non
295 3109 370 3185 vidi,
385 3129 568 3191 quamquem
587 3116 666 3193 apud
684 3119 800 3180 Tripha-
852 3103 890 3163 45
907 3105 972 3181 ipso
988 3102 1094 3163 eodem
1106 3103 1250 3164 Haimone
1267 3100 1489 3162 adornatesibi
1500 3118 1574 3162 vero

81 3203 172 3264 mium
190 3207 284 3279 atque
310 3202 379 3265 inde
402 3205 481 3282 apud
509 3208 632 3268 Beteum
659 3213 748 3285 11111,
768 3214 797 3274 8.
852 3197 894 3254 444
921 3196 950 3256 id
978 3193 1426 3274 444414444144344.1444444454ῑῑι
1453 3195 1572 3256 flamm·

78 3296 210 3358 i’itseum
241 3309 308 3373 pag.
335 3294 412 3371 447,
438 3297 573 3377 aliosque
592 3311 798 3366 memorantur
852 3291 922 3350 44444
936 3291 965 3349 in
982 3289 1060 3349 idem
1081 3304 1157 3366 opus
1178 3288 1226 3348 544
1243 3288 1412 3347 incubuerit
1431 3303 1502 3347 curu
1517 3299 1575 3346 uec

81 3387 244 3463 lieymonis
258 3385 290 3446 in
306 3385 436 3467 quinque
452 3386 545 3450 tidros
568 3391 727 3468 144444,4’4
749 3397 799 3454 10.
851 3383 973 3442 eiusrei
991 3387 1125 3457 unquam
1143 3381 1193 3440 iiie
1211 3379 1404 3453 meminerit,
1423 3395 1481 3438 nec
1500 3375 1575 3438 Ger·

82 3495 188 3554 44444,
207 3477 369 3554 Indicam,
385 3481 484 3555 14444,
502 3485 531 3542 iu
553 3489 684 3563 qnomor
705 3486 799 3551 libros·
852 3474 969 3534 44444444
984 3474 1107 3536 archiva
1122 3471 1408 3534 commentariorum
1420 3470 1575 3531 1144444444

82 3571 192 3650 degam
210 3578 242 3632 44
260 3571 511 3652 Paralipomenon
532 3575 619 3652 dnos,
643 3579 798 3658 Esdram,
853 3568 885 3628 ’444
911 3568 1017 3628 isaiam
1047 3567 1104 3626 nisi
1135 3581 1260 3628 unicum
1284 3561 1425 3642 4441444444.
1459 3564 1574 3624 Censet

83 3664 272 3738 Netemiem,
295 3665 428 3741 linter,
446 3665 586 3744 tobiam,
608 3671 732 3748 audita,
750 3676 799 3736 4,.
853 3661 943 3739 igitur
959 3667 1147 3738 postremum
1171 3656 1332 3726 istndsive
1356 3656 1484 3717 alterius
1505 3655 1573 3716 1144-
1681 3691 1683 3698 <

84 3755 168 3832 54444,
195 3759 381 3836 derisoriam,
401 3760 601 3838 Scantiniam,
624 3764 798 3844 Danielem,
854 3755 951 3813 monis
968 3753 1080 3814 44444444
1097 3767 1166 3812 ease
1182 3753 1309 3828 eiusque
1327 3749 1402 3808 44444
1419 3749 1573 3810 Haimouis

84 3850 224 3916 44444444
240 3850 451 3931 Apostolorum
469 3860 500 3916 ea
525 3858 555 3916 in
573 3855 724 3936 Βριζςωια,
742 3849 800 3922 ca.
853 3841 1574 3922 44454444444444411444414444444444144444444-

5 3925 6 4010 J
84 3947 200 4008 mm,
218 3947 310 4008 pigros
327 3948 400 4024 pfl,
419 3963 475 4010 ,ρο
496 3965 556 4010 110„
584 3947 695 4011 lippum
712 3951 748 4013 d,
767 3955 799 4017 g,
853 3937 1255 4017 ptorumecciesiasticnrum
1270 3951 1286 3994 a
1303 3933 1593 4022 t‘rithemioreieti,¹

87 4039 237 4102 trinitate·
261 4042 410 4102 1144444144
428 4044 486 4116 itt,
512 4042 530 4102 7
550 4042 588 4104 de
606 4045 636 4104 s.
654 4045 688 4104 Ε,
706 4049 796 4108 eriam
854 4033 919 4092 sive
940 4031 1093 4109 personati
1119 4030 1247 4090 alicuius
1267 4026 1402 4088 authoris
1421 4041 1575 4084 commen·

5 4143 7 4196 t
84 4131 185 4194 4544444
200 4134 365 4211 flaymcnis
382 4132 418 4194 de
433 4133 585 4216 coinptcte
601 4137 707 4198 dinarii
720 4140 799 4202 cele-
853 4131 928 4206 4444.
940 4124 1043 4184 Novus
1060 4124 1117 4182 4444
1133 4120 1284 4180 1144444444
1294 4117 1529 4178 commentarius
1541 4118 1571 4176 in

5 4239 6 4244 ’
84 4223 152 4287 brat
176 4225 238 4288 Sed
255 4228 307 4304 qui
325 4224 444 4288 5444444
462 4229 679 4308 impositionem
700 4232 797 4294 Ceno·
852 4215 1107 4292 isaiampttetorte
1118 4219 1267 4289 estquem
1277 4207 1382 4270 eodem
1393 4207 1574 4269 44444534.

86 4332 148 4378 4444444
172 4319 361 4394 tenderent,
385 4323 475 4398 eejm
489 4324 519 4382 in
534 4323 664 4385 diae‚.d0
679 4328 741 4386 4444
763 4333 796 4386 et
851 4311 1035 4371 Perisieuses
1062 4306 1234 4396 vuigmuqt.
1256 4303 1333 4364 Gum
1348 4297 1573 4362 veroGodicem

87 4409 212 4474 doctrine
227 4414 393 4490 tiaymonis
408 4431 473 4493 pag.
492 4415 528 4475 41
546 4415 715 4491 nomentio,
734 4412 793 4478 non
849 4395 1439 4481 quemdemitibiiotheceecanonicorum
1452 4394 1573 4456 maioris

88 4509 175 4584 'mi
187 4525 194 4564 ἶ
210 4523 310 4583 naim
322 4509 373 4585 44444
388 4513 519 4587 9444144404·
532 4505 625 4568 libros
635 4510 795 4572 (1044451441-
891 4531 916 4592 4)
933 4533 979 4582 1144
991 4531 1117 4592 4444414444
1128 4525 1236 4585 4144144,
1251 4527 1278 4576 tu
1289 4527 1353 4576 1444.
1364 4523 1454 4596 4144444
1466 4529 1491 4574 44
1503 4521 1574 4586 apud

847 4608 1008 4656 Vincenttum
1023 4604 1114 4652 1441144.
1131 4603 1183 4650 xii.
1198 4600 1222 4649 n.
1244 4601 1342 4666 speculi
1359 4603 1422 4650 ittet.
1438 4599 1578 4650 441454444-

123 4673 368 4734 intirmorum
388 4680 456 4728 sacri
473 4678 517 4728 145.
535 4681 574 4728 tv.
590 4691 645 4741 cap.
661 4681 702 4733 41.
802 4703 805 4712 ‹
846 4693 890 4730 um
904 4679 1024 4740 nitorque.
1041 4676 1112 4740 aput
1129 4677 1281 4726 tentanum
1298 4687 1356 4738 pag.
1373 4675 1415 4724 57.
1433 4674 1574 4736 apologiae

123 4747 148 4808 5)
163 4747 304 4800 sternetur
321 4763 379 4814 pag.
395 4751 435 4802 87.
452 4764 491 4813 sq.
510 4753 540 4802 de
552 4755 683 4818 ttptacopta
849 4765 894 4817 pro
910 4752 1053 4802 canonibus
1073 4751 1248 4814 apostotorum
1263 4753 1356 4801 4144444
1370 4751 1466 4810 nermo
1484 4749 1517 4798 de
1533 4762 1577 4798 re-

5 4825 7 4940 p
121 4823 144 4882 4)
160 4824 312 4876 4154444444
328 4825 358 4878 de
375 4829 398 4876 4.
414 4823 573 4880 arenariam
590 4838 648 4890 pag.
666 4825 725 4879 tat.
843 4842 903 4879 rum
921 4827 1140 4878 Christianorum
1160 4824 1387 4876 memorabiliter.
1434 4883 1437 4890 1
1480 4827 1485 4832 “
