3608 5604
257 81 318 144 isa
511 110 515 118 ·
819 77 1191 142 inuasii'riiis

298 182 805 265 LAURENTIUSHroncosordius,
818 186 883 244 sire
899 186 976 245 lira-
1032 189 1118 250 4554.
1138 185 1303 248 Hilarionis
1324 185 1556 249 dedicatioobria
1573 191 1597 250 iu
1614 191 1694 254 onia

255 278 377 360 nisena,
395 278 609 350 Placentinus,
631 277 701 338 Ord.
721 278 823 340 Praed.
842 279 921 340 circa
937 278 974 340 Α.
1030 278 1227 358 daxograpbis
1240 296 1288 339 44.
1307 280 1392 350 isui,
1403 297 1468 358 pag.
1481 281 1544 341 itii.
1554 290 1581 342 et
1592 283 1694 344 Lauren

258 372 346 435 4340.
368 371 486 448 scripsit
509 369 764 430 Commentariun
781 370 811 430 in
827 369 974 432 Psalmos.
1030 373 1067 434 iii
1089 373 1230 452 praefatio
1258 372 1287 431 in
1307 372 1483 434 Bibliotheca
1507 376 1615 436 Petrum
1640 383 1693 437 4444.

258 461 412 540 Princapiu
436 460 626 541 Theolopico,
648 471 680 522 ei
700 465 857 525 Sermones
877 465 975 524 varios
1030 467 1063 526 V.
1076 466 1147 525 edit.
1170 463 1262 541 Lugii.
1286 480 1351 542 pag.
1372 465 1437 526 992.
1460 467 1500 526 De
1519 467 1645 528 4444444444
1660 470 1695 530 444

255 573 290 618 44
318 551 498 617 cellationes
526 555 562 614 de
583 555 702 617 Soractis
732 556 805 618 Vide
832 556 974 616 iacobum
1029 557 1143 619 dictum
1165 563 1185 616 t.
1204 559 1242 616 X.
1259 556 1330 616 iiibl.
1347 556 1473 616 Graecae
1494 573 1554 635 pag.
1572 558 1628 620 itii.
1645 576 1692 638 seq.
1767 577 1768 580 ¹

257 647 362 718 Qvetil
377 653 450 706 tom.
470 650 498 708 4.
515 664 572 725 pag
587 649 654 708 633.
676 651 724 709 cui
742 649 819 708 mala
835 649 975 708 assentiri
1063 646 1310 709 ,inhabitatus
1331 645 1367 710 44
1388 645 1523 721 Colonia,
1541 647 1696 726 Augustinit·

257 755 349 817 quam
368 739 481 819 (langiu
498 743 549 817 qui
571 742 769 801 Passerinum
791 747 915 802 secutus
932 759 978 801 re-
1032 755 1090 800 nus
1107 738 1145 800 de
1162 755 1222 817 quo
1236 738 1403 800 chronicon
1419 737 1651 803 trabi-Comitum
1661 742 1697 802 01-

253 833 422 894 44444444
447 833 534 894 4420.
716 849 720 862 ·
1030 828 1286 905 deuburgensium
1306 826 1385 905 apud
1404 827 1581 890 bieibomium
1600 832 1696 892 tomi.
1767 845 1768 874 i

293 924 535 986 LAURHNTIUS
543 922 683 985 burellus
693 925 894 1000 Divionensis,
905 925 976 986 Car·
1031 937 1101 998 pag.
1121 919 1188 981 iio.
1204 918 1241 980 ad
1259 907 1310 979 au}
1328 921 1412 981 4434.
1418 918 1611 999 jamdudum,
1626 922 1696 998 inquit

253 1018 356 1078 melita
382 1019 461 1078 circa
487 1033 537 1077 an.
567 1018 654 1078 4494.
676 1019 796 1096 scripsit
822 1015 976 1078 Heliadem
1030 1029 1088 1078 suo
1114 1011 1250 1074 doctrina
1271 1011 1455 1073 Parisinuio
1473 1011 1614 1072 deeorooit
1631 1012 1697 1092 444-

252 1108 414 1171 inlaudem
428 1109 730 1182 Eiiae,Patriarchae
745 1110 975 1178 carmelitarum
1031 1103 1141 1182 nasia,
1159 1121 1284 1184 inapnus
1305 1103 1421 1184 quidem
1444 1102 1608 1183 Tbeolopus,
1622 1103 1697 1182 dispo

252 1210 283 1264 et
309 1201 345 1263 de
371 1199 542 1262 illustribus
567 1201 645 1262 Viris
665 1201 717 1262 sui
736 1200 868 1262 Ordinis·
895 1202 970 1264 41444
1030 1203 1109 1260 lotor
1121 1199 1309 1274 acerrimus,
1323 1195 1696 1276 adcunctoobjoctorsspon
1767 1247 1768 1250 ,

252 1295 454 1356 'trithemium
467 1311 530 1375 cap.
547 1295 615 1357 897.
630 1313 668 1356 ex
682 1311 743 1373 quo
754 1295 892 1372 Alegrius
906 1311 972 1375 pag.
1027 1289 1097 1351 dere
1123 1289 1346 1369 procacissimus
1354 1335 1363 1366 ,
1380 1287 1472 1349 multu
1488 1295 1521 1349 ut
1534 1289 1642 1368 campi,
1655 1287 1698 1348 edi-

252 1388 320 1451 370.
338 1394 369 1448 at
390 1388 517 1448 Vossius
538 1403 604 1464 pag.
625 1404 691 1465 pag.
714 1389 782 1448 659.
1027 1383 1072 1445 dit
1085 1401 1192 1463 opera,
1213 1381 1424 1461 sedquoniam
1440 1381 1561 1442 nondum
1582 1382 1610 1442 in
1624 1378 1696 1460 psit
1767 1383 1768 1452 Ῠ

292 1479 535 1542 insumimus
545 1479 691 1560 Dpainius
703 1480 906 1542 Cancellarius
921 1496 973 1540 no·
1027 1494 1094 1538 cum
1110 1475 1162 1536 illa
1177 1474 1276 1549 dedit,
1294 1471 1391 1554 resero
1407 1473 1531 1534 minime.
1543 1475 1634 1536 blultis
1645 1491 1697 1534 eun·

251 1587 308 1632 vae
326 1570 413 1632 Urbis
431 1571 589 1648 Prageusis
606 1569 663 1631 sub
681 1569 859 1631 wenceslao
876 1572 973 1648 impe-
1026 1569 1094 1631 dem
1115 1570 1217 1630 laudat
1238 1567 1377 1646 Philppus
1397 1569 1512 1628 Elssius
1528 1569 1556 1627 in
1573 1567 1698 1628 buconia

251 1670 359 1722 ratore.
377 1661 452 1739 Ejus
469 1661 558 1739 Origo
580 1667 611 1721 et
631 1664 764 1730 Diarium
781 1661 850 1722 belli
867 1663 971 1723 444444-
1025 1665 1100 1724 stica
1126 1663 1343 1741 Augustiniauo
1369 1677 1433 1740 pag.
1456 1662 1519 1722 424.
1546 1660 1595 1720 sed
1620 1657 1697 1718 itidem
1766 1719 1768 1738 ⁴

251 1755 301 1814 tici
322 1755 360 1814 ab
380 1771 428 1814 an.
452 1754 538 1814 itii.
560 1753 596 1814 ad
621 1754 709 1815 4423.
730 1761 831 1814 exstat
853 1755 882 1812 iu
905 1754 971 1815 illu·
1024 1756 1301 1832 uultumscriptum
1324 1755 1495 1814 nominatim
1516 1750 1699 1827 reterens,·ait
1767 1741 1768 1748 '

251 1849 322 1906 stris
339 1847 462 1906 ioannis
480 1847 558 1906 Petri
578 1845 732 1926 Ludewig.
749 1852 822 1906 tom.
839 1847 888 1908 VI.
901 1845 970 1906 reli·
1021 1849 1116 1908 vitam
1137 1846 1315 1924 produxisse
1338 1861 1432 1923 usque
1452 1843 1488 1906 ad
1508 1861 1553 1908 au.
1575 1843 1651 1906 tiso.
1767 1905 1768 1908 ,

250 1941 388 2016 quierum
410 1940 524 1998 veteris
545 1941 612 1999 aevi
634 1927 700 2017 pag.
722 1940 864 2001 titiis.
1061 1938 1300 2000 LAUHENTIUS
1315 1931 1429 2016 Augias
1444 1937 1546 1998 Orator
1566 1935 1699 1996 vehemen-
1767 1941 1768 1958 ¹

290 2028 532 2091 tanEii'iiiis
552 2028 719 2092 calcaneus
736 2034 904 2108 Brisiacus,
921 2033 969 2093 vir
1025 2033 1082 2093 tior
1099 2045 1189 2111 quam
1209 2029 1378 2104 facundior,
1393 2036 1423 2088 et
1440 2032 1523 2089 Poeta
1539 2046 1574 2088 en
1589 2025 1701 2087 44444444

250 2123 377 2198 nubilis;
395 2139 490 2199 eques
512 2131 637 2184 auratus
657 2129 688 2182 et
709 2125 822 2200 Legum
843 2126 967 2202 Ductor,
1023 2128 1055 2183 et
1087 2125 1289 2184 praecentore
1320 2119 1522 2195 Dunelmensi,
1547 2120 1638 2180 Abbas
1660 2115 1700 2174 444
1767 2109 1768 2154 i

248 2215 411 2276 Tritbcmio
432 2221 511 2274 teste
532 2217 621 2275 etiam
645 2215 842 2294 Philosophus
863 2223 894 2276 et
921 2219 969 2278 iii·
1030 2214 1389 2282 stmouasteriensisOrd
1402 2207 1701 2274 Denedaircabliit.
1767 2229 1768 2278 4

250 2305 779 2384 storiograpbusluculentissimus,
801 2311 971 2386 quitamen
1027 2309 1147 2387 scripsit
1178 2306 1319 2366 versibus
1345 2306 1524 2366 hexametris
1547 2310 1606 2364 octo
1633 2299 1701 2362 444444
1766 2311 1768 2374 )

250 2417 315 2478 cap.
335 2399 402 2458 859.
426 2405 544 2458 tantum
568 2396 704 2460 Consilia
721 2399 788 2476 ejus
806 2408 970 2476 memorat,
1027 2397 1255 2480 hypognosticon
1283 2415 1338 2460 seu
1365 2397 1531 2459 memoriale
1556 2399 1659 2458 Veteris
1680 2399 1702 2452 et
1767 2375 1768 2444 l

252 2500 286 2552 ei
303 2490 339 2552 44
356 2489 606 2552 commendatione
627 2491 806 2554 Studiorum
825 2501 857 2554 et
873 2493 910 2554 de
925 2510 972 2556 se·
1025 2493 1099 2554 Novi
1110 2494 1190 2552 Test.
1202 2491 1238 2552 ad
1251 2492 1426 2552 Gervasium
1438 2490 1616 2552 decessorem
1627 2491 1651 2547 iu
1662 2485 1703 2546 tb

247 2589 328 2663 ptem
342 2582 477 2662 peccatis
493 2581 690 2660 mortalibus,
708 2585 835 2647 44448.
853 2585 971 2647 Mariae
1024 2584 1104 2645 batia
1116 2599 1226 2646 suum:
1245 2584 1337 2662 incip.
1355 2582 1533 2662 Principium
1551 2598 1646 2642 rerum
1657 2577 1703 2638 sins
1767 2591 1768 2636 t

247 2675 440 2755 conceptione.
1025 2681 1296 2755 temporetempore
1313 2665 1705 2758 seramushdditisnonililri
1767 2679 1768 2760 ]

288 2766 529 2832 bAURENTlUS
542 2767 969 2832 HanacbusCasinensisOrd.
1023 2770 1089 2852 vice
1117 2771 1207 2830 variis
1227 2769 1409 2830 carminibus
1429 2768 1538 2830 diversi
1562 2762 1702 2846 argumenti

250 2859 361 2922 Deued.
375 2877 410 2922 ac
427 2859 535 2920 deinde
554 2861 685 2922 incertae
702 2862 789 2923 Sedis
802 2865 970 2940 Episcopus
1023 2869 1055 2922 et
1070 2861 1108 2920 de
1129 2860 1266 2938 Sanctis,
1287 2860 1411 2939 Angliae
1433 2863 1615 2938 praeseri-im,
1633 2864 1702 2933 atque

252 2957 331 3014 circa
345 2969 383 3014 au
402 2952 472 3013 954.
489 2951 526 3011 de
544 2969 603 3031 quo
622 2955 728 3014 Petrus
742 2955 891 3016 Diacouus
904 2972 970 3033 cap.
1023 2955 1196 3032 singillatim
1212 2953 1247 3014 44
1261 2956 1291 3016 8.
1311 2951 1483 3016 cuthberto.
1498 2950 1566 3011 Vide
1579 2949 1703 3013 Oudiuun

250 3047 276 3105 s.
289 3045 327 3104 de
338 3044 505 3106 illustribus
516 3045 742 3122 casinensibus
755 3055 885 3108 testatus
897 3065 967 3110 eum
1024 3053 1096 3108 tom.
1114 3048 1143 3108 2.
1160 3063 1226 3126 pag.
1250 3047 1336 3109 44499.
1358 3047 1408 3123 qui
1431 3045 1484 3106 bos
1504 3045 1590 3105 libros
1604 3039 1702 3103 editioni

250 3139 409 3215 scripsisse
424 3137 456 3196 ll.
472 3137 578 3198 Mauri
600 3140 693 3200 vitam
708 3183 714 3214 ,
731 3155 767 3201 44
783 3143 811 3201 8.
827 3141 970 3202 Castren-
1023 3146 1142 3218 paratas
1157 3145 1187 3198 et
1204 3138 1241 3200 ad
1259 3138 1433 3200 Tbuaueum
1451 3138 1561 3215 aliaque
1578 3135 1632 3198 duo
1643 3133 1704 3194 ilSta

247 3229 290 3291 sis
304 3229 335 3290 in
350 3230 497 3290 Hetruriu
513 3230 656 3310 Episcopi
670 3234 697 3307 4)
716 3235 887 3310 passionem
903 3252 966 3295 ver.
1022 3234 1055 3308 a)
1068 3233 1234 3292 recensitas
1248 3231 1360 3292 habuit.
1375 3233 1497 3310 Scripsit
1510 3237 1539 3294 44
1554 3223 1705 3290 Consolatio

248 3323 331 3384 sibus
348 3322 531 3384 adornasse:
554 3326 725 3384 Sermonem
742 3342 862 3403 quoque
879 3325 915 3387 de
932 3328 965 3387 D.
1022 3342 1089 3386 nem
1116 3324 1151 3385 de
1178 3330 1272 3385 morie
1294 3323 1416 3404 Papani.
1438 3323 1630 3400 Praeceptoris
1653 3317 1702 3386 sui,

247 3413 398 3475 Benedicti
408 3415 513 3494 vigilia
530 3417 700 3496 elegantem
715 3422 921 3497 composuisse
936 3428 966 3480 44
1021 3434 1110 3495 prosa
1128 3423 1159 3477 et
1175 3419 1324 3491 caruitne,
1346 3433 1434 3494 quam
1452 3415 1667 3493 hypognosticon
1680 3407 1705 3468 ii·

152 3499 155 3508 ’
250 3507 417 3567 Historiam
431 3511 461 3570 S.
482 3510 666 3582 wenceslai,
680 3521 966 3589 quampostremam
1022 3510 1085 3570 bris
1112 3511 1303 3588 praemisisse
1331 3515 1414 3574 notat
1440 3506 1582 3568 Lelaadus
1606 3521 1630 3564 c.
1651 3497 1701 3563 nt

245 3599 359 3659 tisiam
378 3600 482 3662 habuit
503 3609 594 3678 atque
614 3603 767 3663 editurum
790 3620 823 3664 se
840 3612 888 3664 est
905 3607 968 3684 pol-
1023 3618 1196 3663 memorans
1211 3608 1364 3679 praeterea
1382 3601 1447 3680 ejus
1463 3595 1595 3676 eloempla
1610 3593 1646 3655 od
1658 3591 1703 3653 llo

246 3691 347 3752 licitus
364 3689 409 3750 lo.
423 3694 560 3769 Baptista
577 3694 676 3755 Herus
693 3697 772 3754 uotis
789 3695 824 3756 ad
844 3698 964 3758 Petrum
1022 3693 1197 3768 iliewisam,
1215 3698 1246 3752 et
1269 3691 1424 3752 Orationes
1440 3708 1490 3770 pro
1508 3689 1668 3758 Laurentio,
1681 3681 1702 3740 b.

246 3785 420 3844 Diaconum.
538 3826 547 3838 .
793 3829 796 3834 ·
1019 3807 1046 3850 e.
1075 3805 1127 3867 pro
1148 3803 1181 3848 se
1204 3787 1285 3864 ipso:
1306 3802 1360 3864 pro
1382 3786 1545 3862 naufragis.
1565 3797 1616 3860 pro
1634 3777 1702 3855 juvs

284 3877 346 3936 Hoc
364 3878 522 3938 Laurentio
544 3878 649 3940 multis
670 3880 781 3940 seculis
799 3879 900 3959 iunior
917 3889 964 3944 est
1019 3882 1108 3942 nibus
1125 3883 1154 3940 in
1175 3879 1322 3952 vinculis,
1340 3881 1369 3937 in
1390 3874 1560 3955 Molperium
1578 3873 1701 3933 detncta

246 3968 487 4031 incubitatus
508 3975 583 4046 (aaa
605 3971 746 4034 diversus
768 3982 802 4033 ut
822 3977 926 4055 opinor
946 3993 964 4034 a
1019 3987 1083 4034 rem
1098 4017 1105 4045 ,
1122 3980 1153 4033 44
1170 3988 1223 4051 pro
1241 3969 1353 4033 Milone
1372 3977 1509 4031 amatore.
1531 3957 1700 4028 tibeiiuulo

243 4061 407 4122 Laurentio
439 4063 539 4138 Surio)
568 4064 659 4141 cujus
688 4067 831 4145 praefatio
860 4069 963 4128 brevis
1016 4062 1239 4128 conscribendis
1271 4061 1419 4142 Epistulas.
1446 4063 1496 4123 llis
1515 4077 1551 4121 ex
1575 4058 1647 4120 Balei
1672 4053 1699 4112 ll·

241 4156 378 4216 versioni
399 4154 509 4214 latinae
530 4157 740 4220 Doctrinarum
762 4162 793 4221 S.
821 4159 965 4220 Dorothei
1017 4160 1065 4219 88.
1096 4164 1127 4220 ei
1154 4157 1242 4218 Pitsei
1271 4171 1335 4234 pag.
1363 4149 1698 4237 malioniensem:

241 4248 464 4325 praemittitur,
483 4265 575 4326 quam
589 4248 706 4310 Hilario
723 4253 963 4327 veroneusmio·
1018 4250 1216 4330 Dialoporum
1239 4245 1330 4310 libros
1361 4248 1406 4309 Vl.
1433 4261 1555 4325 quorum
1584 4241 1696 4301 initium·

242 4340 359 4400 nachus
377 4341 569 4404 cassinensis
590 4343 743 4404 dedicavit
760 4345 890 4406 Oliverio
907 4347 963 4409 Ca-
1019 4343 1166 4407 Carmina
1194 4339 1335 4402 amniitui
1354 4355 1431 4406 nunc
1449 4335 1582 4418 pondero.
1601 4335 1697 4395 &intr

241 4429 374 4508 raphae,
393 4431 542 4492 cardinali
562 4434 754 4512 Neapolitano
771 4433 912 4498 defuncto
924 4437 960 4498 h.
1016 4453 1068 4500 4444
1084 4437 1121 4498 44
1139 4437 1254 4498 CHristi
1275 4433 1425 4508 adventu,
1446 4431 1482 4494 44
1498 4428 1605 4494 CHrisii
1619 4418 1695 4487 aaut

281 4573 307 4632 4)
322 4575 417 4625 nomen
428 4578 502 4640 hujus
513 4581 632 4642 Episcopi
648 4592 698 4628 non
711 4578 824 4639 additur,
837 4587 862 4631 et
874 4581 966 4633 latinu·
1026 4581 1052 4642 4)
1063 4587 1099 4633 iic
1109 4581 1246 4632 codicibus
1257 4583 1321 4632 4484.
1332 4579 1475 4642 tuglictnls
1485 4576 1538 4630 ride
1549 4572 1638 4634 4444444
1648 4569 1697 4617 sisi.

236 4653 278 4698 tur
297 4652 592 4712 Passerinus,brnoldus
607 4655 679 4705 iiion
696 4661 715 4704 4.
734 4654 781 4716 ip.
797 4655 854 4708 445.
869 4661 966 4708 sivos·
1011 4655 1143 4721 antimum
1158 4656 1303 4710 4444444444
1319 4653 1443 4716 pagina.
1533 4685 1535 4692 ,

235 4724 288 4773 stus
304 4723 348 4784 qui
366 4724 480 4776 4444444444
498 4727 569 4778 ilium
585 4731 776 4792 meinatitpisc.
792 4731 961 4784 cestrensem.
