3562 5580
228 73 287 136 stg
809 73 834 132 G
849 73 874 134 U
889 73 940 133 tt
956 75 982 134 li
996 77 1021 134 L
1035 77 1067 136 Μ
1082 75 1106 138 U
1122 76 1142 136 8

225 181 320 252 none,
338 175 528 258 Sopbisnmtu
548 183 579 236 et
605 190 697 256 super
713 191 772 237 scm
783 177 943 259 principiis
997 179 1095 242 adhuc
1126 183 1211 246 idib.
1239 184 1363 266 Scripsit
1385 185 1526 252 buturum
1544 193 1574 253 in
1594 193 1688 258 tibrum

99 273 103 277 ’
224 271 348 332 Gilherti
365 263 528 332 Porretani.
546 265 619 328 Vide
630 269 754 330 Baleum
767 275 799 329 66
809 271 942 332 Pitsenm
997 275 1119 335 sentum
1135 276 1353 339 Decretulrum:
1369 279 1554 362 Apparatum
1567 288 1689 352 6666606·
1713 276 1719 290 ’

84 407 92 424 .
225 380 290 443 pag.
311 363 377 425 t77.
998 365 1108 426 tionum
1127 367 1283 431 clementes
1299 373 1328 432 V.
1341 381 1372 432 et
1388 391 1476 456 super
1494 376 1690 458 sumomon-

264 457 481 518 GUILEEMUS
491 453 628 516 Minundi
636 455 769 515 Medicus
779 456 857 535 apud
874 455 944 516 Car·
998 458 1209 526 tesJobunuis
1235 464 1317 523 xxti
1328 509 1335 540 ,
1356 473 1446 545 atque
1478 467 1507 526 in
1528 469 1689 534 Decretotes.

192 624 195 632 .
224 549 354 610 dinalem
367 549 554 610 Saluciarum
567 592 574 622 ,
588 547 696 608 deinde
712 549 875 610 Monachus
891 549 943 608 do·
996 551 1132 630 Denique
1149 557 1372 618 Sacramentnte
1391 561 1455 620 sive
1472 559 1579 622 tibrum
1595 562 1627 624 de
1644 567 1690 626 So

225 643 416 720 musiliajoris
427 642 615 716 carthusiae,
628 640 664 701 ad
684 640 772 720 eujus
793 644 944 719 quaestio-
996 644 1157 710 oramentis
1184 649 1221 708 ad
1235 642 1433 714 'cariasimum
1457 653 1548 715 lilium
1569 659 1689 719 Pontium

225 755 278 799 nes
296 736 451 815 respondit
466 738 600 796 loannes
615 733 732 794 Gersou
752 737 781 792 iu
799 737 943 814 opusculo
997 735 1034 797 de
1056 739 1226 800 villamuro.
1248 741 1321 802 Vide
1343 745 1495 806 Baluzium
1517 747 1553 807 ad
1571 751 1642 810 Petri
1660 751 1691 811 de

223 831 259 892 de
283 830 445 908 Religionis
466 829 647 906 perfectione
677 835 709 886 et
740 828 943 889 moderamine
998 831 1093 890 Merca
1111 832 1304 895 concordiam
1316 829 1363 911 Vi,
1382 835 1408 898 t.
1426 831 1688 902 etOudiuum'tom.

222 923 302 1000 quod
318 929 418 984 exstat
435 928 509 982 tom.
527 919 547 980 2
563 919 704 980 editionis
731 937 829 980 novae
855 922 944 1000 ilupi·
999 923 1026 982 3.
1043 941 1106 1001 pag.
1125 924 1203 998 966,
1221 943 1284 1004 seq.

222 1017 330 1076 nianae
347 1033 412 1094 pag.
432 1013 491 1074 682
509 1060 515 1088 ,
533 1029 597 1090 seq.
1011 1055 1012 1058 ¹
1037 1013 1252 1079 GUILELMUS
1264 1018 1456 1084 debentibus
1469 1027 1691 1096 sivetdontnnur.

262 1107 480 1168 GUILELMUS
496 1105 649 1183 bimarito,
667 1122 758 1184 supra
777 1105 855 1166 Gaii.
869 1107 945 1168 con-
998 1126 1089 1186 supra
1104 1109 1183 1170 Gari.
1196 1113 1388 1192 Leycestrius.

221 1201 392 1263 sinnitensis
410 1200 510 1278 Epise.
958 1203 962 1210 '
1037 1203 1253 1265 GUILELMUS
1279 1206 1434 1268 Montioius
1458 1209 1561 1268 nobilis
1591 1209 1691 1290 anglus

263 1293 481 1353 GUiLELMUS
498 1292 625 1353 Othonis
640 1295 661 1354 i.
680 1295 755 1372 imp.
773 1293 873 1366 itlius,
891 1293 947 1355 hr—
998 1297 1167 1371 praelectus
1185 1299 1393 1375 'tornacensis
1404 1301 1610 1362 eircabnnnm
1625 1305 1691 1364 6563

222 1387 642 1466 chlepiscopusttopuntinus
668 1387 789 1448 6666.
820 1387 878 1463 656
906 1386 943 1446 66
984 1385 1251 1474 Ι6616666666
1269 1389 1369 1451 laudat
1397 1393 1512 1453 Pitseus
1539 1409 1601 1472 pag.
1630 1393 1691 1455 857.

224 1481 283 1540 968
300 1479 338 1540 66
366 1496 425 1557 quo
442 1479 581 1538 Nicotaus
599 1479 829 1542 Serarinslibru
857 1478 905 1552 tv,
922 1486 944 1537 t.
997 1477 1146 1541 666666
1167 1489 1197 1540 66
1218 1483 1311 1543 litium
1333 1479 1398 1560 ejus
1427 1483 1562 1544 Carnium
1584 1482 1692 1546 Montio-

223 1574 250 1633 6.
269 1588 369 1632 rerum
393 1571 635 1648 Mogontinarum
663 1571 698 1630 G.
716 1571 877 1634 Christiani
896 1571 946 1629 Jo-
995 1573 1060 1647 jum
1078 1573 1195 1632 Erasini
1213 1574 1343 1652 litterae,
1360 1577 1469 1653 quihus
1490 1580 1580 1638 etiam
1596 1578 1693 1658 idagia

223 1661 332 1726 hannis
349 1681 415 1743 pag.
434 1664 500 1734 633.
526 1663 574 1724 Ex
592 1662 659 1742 ejus
677 1663 824 1730 chronico
852 1662 943 1724 verba
999 1677 1053 1722 sna
1069 1665 1231 1743 inscripsit.

223 1757 370 1844 quaedam
389 1758 474 1818 aliert
492 1756 679 1818 Trithemius
694 1760 723 1816 in
743 1758 853 1818 chron.
878 1757 945 1816 ilir-
1037 1746 1254 1838 dutibinus
1270 1761 1401 1822 66666666
1414 1761 1493 1838 6666
1517 1762 1692 1840 trionymam

224 1853 375 1930 saugiensi
390 1869 455 1930 pag.
469 1851 517 1938 33.
530 1850 641 1928 quibus
655 1849 944 1926 Guilelmusipsete
997 1847 1197 1910 bellicensem
1219 1869 1283 1930 cap.
1314 1853 1368 1914 606
1403 1854 1573 1930 intelligitur
1597 1855 1695 1916 Guilel-

223 1949 322 2004 statur
338 1960 371 2002 se
390 1946 418 2002 in
436 1944 608 2020 Moguntina
626 1942 698 2002 sede
719 1941 776 2003 66.
796 1942 865 2001 956.
883 1943 943 2000 Fri·
998 1958 1067 2001 mus
1086 1945 1307 2024 hirsaugiensis
1329 1945 1366 2006 de
1387 1963 1446 2023 quo
1468 1963 1566 2024 supra.

222 2035 321 2096 derieo
338 2035 568 2112 hrchiepiscopo
585 2036 780 2096 successisse.
877 2057 880 2062 ·
1038 2025 1254 2098 GU'tthLMUS
1269 2037 1305 2098 ne
1317 2039 1504 2118 Nuupissive
1518 2039 1694 2120 deNnnpioco

262 2125 480 2187 GUlLELhtUS
497 2126 660 2188 Monncbus
679 2129 824 2188 Historiae
841 2126 945 2187 novel·
997 2127 1160 2195 Monachus
1177 2131 1206 2190 S.
1228 2132 1360 2208 Dionysii
1374 2133 1402 2191 in
1414 2133 1508 2194 Gallia
1522 2129 1591 2194 Ord.
1605 2135 1632 2194 S.
1649 2135 1694 2194 ite-

225 2221 270 2280 166
287 2218 430 2280 conditor.
446 2218 521 2279 inira
538 2217 749 2279 Guiictmnsde
766 2218 889 2296 Nunpis.
999 2221 1107 2282 nedioti
1126 2226 1245 2302 scripsit
1264 2223 1428 2287 chronicon
1445 2227 1482 2286 ab
1497 2227 1574 2287 Orbe
1589 2226 1695 2287 condito

263 2308 480 2374 GUILELMUS
491 2307 527 2370 de
537 2311 725 2388 Morrserrot,
738 2313 803 2370 sive
814 2310 852 2371 de
863 2313 944 2372 bion·
998 2323 1097 2393 usque
1125 2317 1161 2377 ad
1190 2319 1310 2378 Annum
1330 2319 1417 2380 6300.
1438 2319 1640 2398 Fragmentum
1659 2336 1692 2379 ex

133 2410 136 2416 '
228 2411 375 2466 teserrato
392 2404 562 2466 cataloniae
577 2420 611 2467 ac
626 2405 811 2480 Tarraconis,
824 2404 945 2482 scripsit
997 2397 1064 2456 eius
1080 2395 1226 2457 chronico
1244 2413 1345 2458 rerum
1362 2399 1542 2459 Gallicarum
1561 2397 1597 2460 ab
1618 2397 1695 2459 6666

225 2498 428 2561 Commeatum
455 2503 547 2576 stipor
569 2495 792 2578 pragmaticam
816 2485 944 2557 6666666-
997 2486 1056 2548 977
1081 2487 1117 2550 66
1149 2490 1207 2549 996
1232 2493 1261 2552 in
1290 2493 1367 2552 Petri
1386 2493 1495 2553 Pithoei
1516 2491 1695 2571 scriptoribus

224 2583 794 2668 6660666666166616666666666.
812 2591 889 2660 6639
904 2589 942 2649 66
997 2582 1062 2642 xli.
1082 2583 1170 2642 Paris.
1190 2582 1290 2660 6588,
1308 2587 1335 2644 8.
1354 2593 1384 2647 et
1400 2585 1457 2646 Fri.
1476 2579 1552 2649 6596
1567 2633 1575 2658 ,
1593 2586 1619 2645 8.
1636 2600 1694 2662 pag.

129 2723 136 2740 .
223 2689 373 2764 potestate
390 2683 546 2743 Generalis
564 2684 686 2745 concilii
704 2699 740 2744 66
756 2682 793 2743 66
818 2681 941 2761 Episco-
996 2662 1062 2735 560.
1081 2675 1148 2736 666.
1173 2675 1433 2760 continuationem
1455 2667 1589 2752 chronici
1605 2677 1695 2740 SlGE·

225 2794 331 2856 porum
350 2777 507 2838 electione.
522 2777 564 2836 De
581 2777 736 2837 intellectu
753 2777 873 2854 regulae
887 2777 943 2836 Ba·
997 2765 1105 2828 BERTI
1136 2769 1361 2832 Gemblaoensis
1378 2772 1414 2834 ab
1435 2770 1491 2832 66
1514 2771 1587 2835 6663
1609 2785 1695 2847 usque

224 2871 363 2930 sileensis
379 2869 500 2930 concilii
521 2869 598 2928 cirea
611 2868 687 2928 hane
699 2868 887 2928 electionem.
898 2867 941 2928 lle
996 2859 1033 2920 ad
1050 2860 1172 2922 Annum
1192 2864 1268 2924 6300
1286 2864 1378 2924 edidit
1394 2865 1558 2926 Dacherius
1574 2871 1641 2937 tom,
1658 2862 1694 2924 XI

225 2963 480 3024 reservationibus
503 2979 556 3040 per
575 2965 684 3040 Papam
711 2978 756 3020 ex.
776 2959 943 3020 rationabili
997 2954 1127 3032 spicileg.
1139 2972 1204 3032 pag.
1221 2957 1287 3018 605.
1303 2957 1553 3034 (66666666666666
1571 2964 1636 3016 tom·
1651 2955 1697 3016 lli.

225 3072 316 3116 cansa
345 3057 440 3116 iactis.
466 3056 505 3115 Et
525 3055 562 3116 de
580 3054 894 3132 Reginpraerogativa
913 3053 941 3110 in
995 3063 1062 3125 pag.
1074 3052 1100 3108 t.
1113 3049 1170 3124 56.)
1182 3066 1252 3110 cum
1265 3051 1426 3112 subiuncta
1445 3049 1694 3112 6606660606

225 3149 361 3210 electivis
377 3149 581 3228 dignitatibus.
602 3146 711 3208 Prodiit
735 3135 942 3208 Parisstbii.
997 3139 1124 3201 duorum
1159 3141 1389 3226 continuatione
1421 3143 1536 3205 6666.
1565 3141 1629 3204 6306
1663 3140 1697 3200 ad

226 3245 253 3303 l.
271 3259 331 3302 666
346 3259 416 3303 oum
432 3243 531 3303 Cosmi
543 3239 689 3318 Guymier
701 3239 809 3318 glossis
827 3241 855 3297 in
872 3253 944 3298 ean·
998 3231 1074 3294 6367
1093 3233 1161 3295 ibid.
1179 3253 1244 3315 pag.
1268 3238 1315 3297 bt.
1334 3239 1403 3299 660.

225 3335 293 3396 dem
313 3335 525 3395 Sanctionem:
543 3350 577 3392 ac
591 3331 698 3393 deinde
713 3335 743 3391 in
761 3347 850 3410 opere
865 3332 943 3392 Pari·
1037 3326 1126 3388 Gesta
1145 3327 1290 3390 induciet
1302 3331 1399 3404 Noni,
1416 3330 1599 3390 Francorum
1618 3325 1698 3406 llepis

225 3428 278 3486 siis
311 3427 403 3502 6666,
434 3427 482 3486 661.
506 3427 586 3486 edito
609 3427 656 3487 cui
686 3421 815 3486 titulus:
845 3425 941 3487 caroli
997 3421 1034 3480 ah
1049 3421 1104 3480 66.
1124 3422 1201 3485 tiit
1219 3429 1249 3482 et
1272 3423 1400 3486 filiorum
1418 3426 1483 3502 ejus
1507 3423 1625 3502 Philippi
1644 3422 1699 3482 66-

224 3518 286 3578 vlt.
303 3517 484 3578 Francorum
503 3519 592 3596 Regis
619 3519 804 3596 Pragmatius
828 3519 945 3592 sanctio
997 3513 1079 3575 dacis
1100 3521 1131 3573 et
1147 3515 1286 3592 liuberti,
1303 3517 1413 3578 editae
1430 3519 1514 3578 Petro
1531 3517 1643 3577 Pithoeo
1660 3518 1700 3574 in-

226 3626 296 3671 oum
314 3610 423 3689 glossis
441 3609 726 3686 CostnaeGuymier
742 3655 748 3684 ‚
763 3615 794 3670 et
817 3608 944 3671 additio·
997 3611 1043 3665 ter
1060 3607 1111 3668 xl.
1130 3607 1297 3686 Scriptores
1312 3609 1368 3668 Fri.
1386 3611 1481 3684 6596,
1496 3609 1542 3669 tol.
1561 3625 1622 3688 pag.
1643 3607 1695 3667 too

225 3701 314 3763 nibus
341 3702 466 3780 Philippi
496 3702 589 3762 Probi.
616 3701 774 3763 66666666
801 3703 976 3778 historiae,
997 3705 1028 3758 66
1049 3698 1159 3760 deinde
1176 3701 1283 3764 collata
1300 3717 1371 3761 cnm
1388 3699 1495 3762 codice
1515 3704 1573 3764 MS.
1594 3701 1629 3762 ab
1645 3701 1700 3760 66-

225 3797 427 3874 Pragmaticaa
441 3793 611 3858 Sanctionis
628 3803 662 3856 et
676 3795 941 3857 concordatornm:
998 3791 1071 3852 drea
1088 3792 1129 3853 du
1147 3793 1269 3855 Chesne
1286 3801 1358 3855 tom.
1376 3795 1410 3855 V.
1428 3813 1492 3874 pag.
1508 3795 1572 3857 326.
1588 3794 1648 3854 606.
1668 3791 1698 3851 16

224 3888 442 3951 denotationes
463 3895 494 3948 et
511 3889 720 3967 supplementa
737 3896 876 3950 veterum
893 3889 942 3949 ln·
995 3890 1130 3945 extremo
1151 3887 1216 3946 libri
1233 3894 1338 3949 auctor
1355 3890 1491 3950 meminit
1507 3891 1594 3949 etiam
1610 3887 1698 3947 cano

224 3990 464 4044 strumentorum
481 3999 496 4042 a
515 3981 673 4040 Franclsco
689 3982 855 4042 Pinssonio.
870 3982 942 4058 Eju·
994 3979 1153 4038 nicationis
1169 3981 1274 4059 Regis,
1291 3975 1368 4060 quaa
1385 3982 1463 4042 iacta
1479 3981 1595 4041 66666.
1617 3973 1698 4038 6297.

225 4075 309 4136 odem
317 4074 456 4138 Guilelmi
472 4077 620 4134 tractatus
633 4070 669 4132 dc
686 4071 873 4135 successione
887 4076 942 4133 ite-
995 4072 1093 4133 Prima
1123 4072 1309 4134 solemnibus
1338 4069 1489 4135 nobilitata
1516 4071 1700 4134 caerimoniis.

222 4186 301 4246 pum,
319 4174 348 4228 et
359 4165 522 4250 praecipue
539 4163 665 4225 Galliac.
682 4166 775 4245 Lugd.
791 4167 938 4244 65696661.
997 4164 1069 4225 Vide
1093 4165 1269 4244 Meuagiana
1297 4173 1319 4226 t.
1336 4168 1364 4226 2.
1381 4185 1446 4246 pag.
1470 4165 1534 4229 669.
1552 4171 1573 4224 6.
1599 4163 1623 4222 i.
1640 4177 1700 4240 pag.

224 4263 348 4342 Tuhing.
372 4259 450 4323 6625
472 4261 498 4319 6.
521 4267 552 4318 66
574 4261 603 4317 66
625 4257 744 4319 Oceano
764 4260 854 4333 turis,
875 4260 940 4318 siva
997 4259 1063 4318 653.
1082 4257 1224 4318 Balneum
1243 4259 1313 4321 hist.
1332 4259 1473 4320 hcadcm.
1491 4257 1578 4319 Paris.
1593 4251 1700 4314 66663

224 4359 354 4414 tractatu
370 4357 554 4415 tractatuum
571 4356 644 4409 tom.
662 4351 740 4412 xvi.
759 4367 824 4430 pag.
846 4349 911 4410 678.
994 4368 1060 4430 pag.
1080 4350 1148 4410 629.
1164 4351 1227 4410 666.
1242 4351 1413 4413 Echardum
1430 4351 1563 4412 Bibliotb.
1578 4345 1701 4409 Domini-

158 4455 164 4470 ·
263 4441 480 4507 GUlLEthUS
511 4443 547 4505 dc
572 4443 670 4506 Monte
700 4441 843 4504 6666666
875 4445 940 4503 sive
995 4459 1061 4502 ean.
1080 4449 1151 4502 tom.
1171 4445 1198 4504 l.
1217 4461 1273 4523 pag
1289 4444 1356 4504 699.

224 4533 386 4612 bandinio,
413 4539 522 4599 Doctor
550 4541 744 4600 Decretorum
773 4537 940 4597 tolosanus
1034 4535 1360 4612 abrenuntiastis,
1384 4537 1438 4598 hoc
1464 4544 1511 4596 est
1538 4542 1569 4596 ut
1596 4529 1700 4592 Gallina

221 4633 313 4705 atque
332 4627 431 4688 bhhas
447 4632 617 4691 Monasterii
640 4631 712 4690 novi
731 4631 843 4691 Pictav.
868 4629 941 4690 Ord.
999 4628 1196 4708 appellatione
1215 4630 1302 4690 Balsa
1316 4629 1379 4705 lll,
1399 4631 1445 4694 53.
1466 4625 1592 4700 ratitos,
1609 4624 1704 4684 Pitseo

223 4717 333 4780 666666.
352 4721 430 4780 eirca
455 4721 575 4782 666666
607 4722 681 4783 6360
699 4741 734 4785 66
751 4722 893 4799 deinceps
910 4727 940 4781 et
995 4739 1059 4800 pag.
1079 4721 1147 4782 270.
1165 4729 1196 4782 66
1227 4723 1355 4784 Lelaudo
1381 4739 1444 4800 cap.
1474 4719 1529 4782 673
1571 4723 1703 4788 Porum,
