3624 5600
258 107 316 170 414
879 113 895 167 1
911 107 978 171 DA
995 107 1021 169 N
1038 109 1064 170 14
1079 107 1104 171 Ε
1121 109 1141 170 S
1470 157 1473 162 .

256 221 285 277 in
304 216 424 278 laudata
439 217 512 277 stoi.
532 217 663 284 maxima
682 171 835 276 Pontificio
858 223 880 274 t.
892 214 971 276 Xlll.
1027 217 1157 282 concilio
1178 215 1295 280 4441444
1311 216 1367 278 44.
1389 219 1474 280 4439.
1494 219 1570 280 4414
1589 221 1699 282 4441414.

295 311 398 372 Floret
418 309 634 373 sententiarum
657 309 691 368 D.
717 307 842 370 7444444
877 307 971 388 Aqui·
1025 312 1083 373 lius
1104 311 1229 374 Concilii
1249 312 1374 384 obviae,
1397 329 1455 372 444
1481 329 1532 391 pro
1560 330 1652 392 azymo
1674 318 1697 376 io
1733 339 1737 350 ¹

253 405 333 466 notis
353 404 389 465 de
404 403 583 464 anctoritate
600 403 713 480 summi
727 401 892 481 Pontifices,
909 403 970 463 col·
1025 407 1055 467 S.
1078 407 1195 481 Coena,
1217 413 1248 466 44
1280 405 1388 478 414444,
1418 405 1699 482 transsubstantiatio-

253 500 321 559 lecti
343 501 372 557 in
394 495 527 557 Concilio
548 497 715 557 Basileensi
740 495 776 558 t.
809 494 895 580 1437.
930 494 968 556 ad
1026 515 1097 559 nem
1120 499 1197 560 ettlci
1219 513 1273 577 per
1293 497 1388 558 Verba
1410 497 1576 558 saltatoris.
1701 505 1704 516 ‘

252 589 440 652 Cardinalem
461 591 626 652 lulianum.
647 589 802 666 Augustae
823 593 855 650 et
876 587 991 666 Lugd..
1066 590 1269 674 Meditctt'ones
1286 589 1400 670 positae
1419 594 1448 648 ot
1465 589 1587 670 depictae
1610 591 1699 652 4444-

252 683 339 751 4496.
362 683 398 744 ad
421 685 535 744 calcem
558 683 697 744 summae
715 681 752 742 de
774 681 908 742 Ecclesia
940 689 971 742 44
1022 683 1113 745 444144
1133 683 1250 744 ambita
1270 685 1301 745 8.
1323 681 1438 744 itariae
1457 681 1644 760 4441144444,
1660 687 1703 746 114-

251 779 357 836 1144444.
380 777 467 839 tata.
488 777 514 836 t.
531 790 601 838 cum
620 775 742 854 scriptis
756 775 865 834 similis
883 791 972 854 argu·
1028 795 1102 837 mae.
1121 777 1257 856 prodiere
1269 774 1340 835 ibid.
1354 773 1439 837 4498.
1458 776 1486 835 4.
1502 781 1586 854 atque
1605 779 1704 838 41944·

250 871 344 934 menti
359 915 365 943 ,
383 877 415 930 44
432 871 598 930 novissimo
611 867 734 947 Neapoli
747 867 835 929 1714.
848 867 972 928 841144-
1032 870 1153 949 ghemio
1174 868 1267 942 fides,
1286 868 1347 945 jam
1370 867 1456 927 4467.
1477 868 1560 929 1473.
1580 868 1622 928 141.
1718 873 1719 878 ’

225 963 227 974 ’
250 965 318 1026 nale
339 965 377 1024 de
399 965 530 1024 144444441
551 961 579 1022 d'
593 961 676 1023 ltalia
699 968 711 1019 t
743 961 791 1021 39.
813 977 842 1038 p.
865 958 935 1022 449.
1067 959 1158 1024 Salas
1179 960 1318 1034 animae,
1333 975 1387 1019 seo
1406 957 1623 1021 stabilimentum
1637 959 1704 1020 Fidei

291 1055 567 1122 Commentariun
588 1052 782 1133 1449444448.
804 1052 971 1114 9119991-
1027 1054 1207 1118 Catholicae.
1230 1052 1320 1117 Lond.
1345 1053 1429 1114 41199.
1452 1055 1540 1132 incip.
1566 1053 1645 1114 94441
1661 1068 1702 1112 rar

252 1149 320 1212 CT!
330 1151 367 1210 ad
386 1149 547 1209 Arscnium
561 1147 739 1208 Monachum
751 1148 968 1207 Florentinum.
1024 1149 1135 1210 914144
1155 1147 1324 1226 Scriptura.

251 1243 412 1304 ttot.tot
435 1243 527 1302 Paris.
551 1242 638 1301 1494.
661 1241 802 1302 441544.
837 1241 867 1298 4.·
897 1253 968 1301 oum
1063 1239 1516 1304 cocarescemiorum
1534 1257 1571 1301 ex
1587 1237 1703 1324 mandata

249 1336 373 1413 llegulis
386 1335 439 1396 SS.
457 1334 577 1410 Basilii,
595 1334 755 1412 Augustini
773 1334 967 1393 etFrancisct
1023 1335 1145 1399 concilii
1167 1331 1255 1393 94411.
1277 1331 1421 1418 Aliso.
1441 1334 1605 1410 recognitae
1622 1339 1649 1392 44
1663 1349 1702 1408 tp

250 1435 282 1487 ct
302 1429 409 1488 venet.
433 1429 520 1489 1599.
538 1428 565 1487 4.
581 1423 757 1505 itothomagi
781 1429 868 1489 4619.
892 1430 919 1486 4.
937 1433 968 1487 44
1021 1428 1184 1508 probatae,
1207 1441 1276 1486 curn
1297 1426 1492 1503 Epistolapro
1508 1427 1543 1485 114
1558 1424 1703 1503 Apologeti·

251 1537 322 1582 cum
360 1520 515 1598 smaragdi
550 1523 738 1600 expositione
773 1523 803 1580 in
839 1519 967 1582 eandem
1021 1537 1055 1582 ca
1078 1519 1244 1582 444146.
1267 1516 1701 1580 9444144444544444691141.

252 1613 420 1690 Regulam,
436 1613 539 1675 Coton.
556 1613 707 1682 45714141.
726 1612 891 1675 Addehdus
907 1619 968 1674 tra·
1020 1621 1113 1692 atquo
1133 1611 1241 1673 deinde
1263 1613 1396 1673 44411414
1418 1611 1489 1672 14414
1505 1617 1537 1670 44
1554 1609 1612 1671 dixi
1625 1625 1699 1687 septa

253 1709 355 1765 ctatus
376 1703 412 1764 de
432 1703 645 1785 reformatione
666 1723 721 1767 scu
741 1705 905 1768 dectsiones
936 1705 968 1764 in
1022 1714 1093 1768 tom.
1116 1709 1129 1767 l
1158 1721 1223 1784 pag.
1244 1705 1313 1766 958.
1334 1718 1397 1782 seq.
1427 1695 1429 1703 ⁴
1478 1707 1482 1714 '

249 1794 397 1874 deputam
417 1797 571 1859 Benedicti
584 1815 643 1879 pro
664 1797 843 1860 cmtsct'entia
876 1800 968 1859 Prae·
1061 1797 1264 1876 Qtsodlt'detica
1283 1813 1352 1859 eum
1376 1793 1549 1859 tractatibus
1562 1805 1592 1858 et
1607 1810 1702 1856 sermo

249 1886 380 1949 14444444
396 1892 425 1948 et
435 1886 633 1952 sudditorum.
656 1892 762 1952 Venet.
786 1892 864 1952 4618
885 1892 912 1951 8.
934 1894 964 1951 14
1017 1893 1106 1954 nibus
1127 1893 1216 1954 Petrii
1236 1891 1274 1952 de
1295 1889 1415 1952 Atliaco.
1435 1890 1616 1968 Argentorat
1633 1887 1702 1950 isto.

245 1981 444 2042 Miscellaneis
464 1983 808 2045 Bernardinitianslini.
847 1991 851 1998 ’
1020 1992 1098 2046 44444
1119 1985 1310 2064 Deughemio.
1522 2015 1524 2020 ·

289 2074 331 2132 Do
350 2073 476 2162 peritate
509 2074 714 2156 conceptionis
745 2077 779 2152 D.
813 2077 961 2157 Virginis,
1060 2079 1215 2140 tNilDlTA
1237 2079 1311 2140 haec
1333 2079 1497 2139 memorarit
1518 2080 1648 2154 reper‘o:
1668 2074 1702 2132 Dr

243 2171 393 2226 tractatus
415 2168 445 2226 in
463 2169 544 2229 Xlll.
562 2177 663 2248 partes
677 2169 814 2246 divisus,
831 2173 964 2248 scriptus
1014 2172 1189 2252 pontificato
1210 2173 1240 2234 S.
1264 2171 1354 2233 Petri.
1376 2171 1545 2234 0444144444
1559 2170 1596 2232 ad
1619 2171 1705 2228 ratres

243 2275 302 2336 que
326 2257 469 2321 mandato
490 2263 613 2323 Petrum
635 2263 759 2324 concilii
779 2265 963 2324 Basileensis
1019 2263 1469 2326 9444111194411444414.1634
1493 2255 1705 2339 4944494144

242 2353 299 2413 An.
334 2353 422 2414 4437.
445 2361 552 2415 contra
571 2354 739 2417 JOANNlS.
772 2354 963 2435 Sepodtenst's
1018 2357 1047 2418 8.
1068 2357 1199 2419 Advent.
1217 2359 1361 2428 literani
1377 2353 1705 2435 4194414844414444.

242 2448 430 2506 avisamenta
452 2454 484 2508 et
505 2448 700 2527 allegationes
727 2448 765 2509 de
790 2450 964 2527 441144444-
1059 2450 1298 2530 impugnationes
1328 2445 1704 2528 aarandarnpopasr'tiontttt

242 2555 296 2620 pra
307 2557 335 2618 p.
348 2537 416 2600 417.
429 2539 539 2600 Prodiit
557 2543 679 2602 ilomao.
706 2541 791 2603 4847.
815 2542 841 2601 4.
864 2561 963 2620 neque
1018 2559 1095 2620 quas
1127 2545 1267 2620 Magister
1299 2467 1470 2621 rglphonsus
1500 2540 1536 2602 dc
1565 2535 1706 2615 lladrigal‚

242 2632 383 2693 audiendi
405 2635 456 2710 qui
479 2632 623 2712 majorem
646 2633 713 2712 ejus
741 2644 857 2714 partem
889 2641 961 2700 llar-
1018 2635 1215 2697 TOSTATUS
1237 2636 1326 2714 vulgo
1347 2635 1446 2696 dictus
1466 2635 1591 2694 asseruit
1610 2629 1706 2691 14414·

242 2726 412 2788 tholomaeo
435 2728 544 2806 Spinae
565 2727 614 2788 vel
632 2727 755 2789 Alberto
772 2731 889 2790 Dnimio
907 2731 960 2790 tri·
1001 2732 1169 2806 ‘putatione
1192 2729 1310 2808 publica
1333 2730 1361 2787 in
1394 2729 1522 2788 14444444
1554 2727 1631 2787 curia
1660 2722 1706 2782 Aa.

242 2818 393 2880 buendam
417 2835 486 2881 csse
507 2819 655 2882 dictitant.
677 2821 751 2882 Vide
772 2823 835 2884 Nic.
866 2822 961 2884 Anto·
1014 2823 1102 2884 4449.
1127 2823 1177 2884 nt.
1198 2823 1266 2882 iun.

241 2911 325 2971 nium
349 2917 420 2971 tom.
442 2913 470 2973 a.
493 2930 559 2992 pag.
582 2914 649 2976 499.
1053 2915 1233 2993 Symbolum
1255 2913 1472 2994 quinquaqinta
1490 2911 1645 2974 4441144444
1663 2905 1703 2966 Ft'·

280 3004 324 3063 De
337 3003 472 3086 efficacia
484 3005 590 3086 Aquae
601 3005 770 3070 benedictae
780 3015 885 3069 contra
897 3011 958 3071 Pli-
1013 3006 1063 3068 dei
1077 3014 1181 3068 contra
1198 3009 1414 3088 quinquanginta
1432 3021 1545 3067 errores
1554 3002 1703 3068 1444144444·

241 3096 344 3158 anun
366 3097 524 3178 Anpticttnt
551 3103 580 3160 in
608 3102 776 3177 Dohcmia,
810 3108 958 3164 tractatus
1013 3117 1100 3162 orum
1121 3099 1177 3162 An.
1197 3101 1284 3162 4561.
1302 3095 1706 3178 protegatisaltegellosniao

239 3189 339 3252 editus
360 3194 425 3252 sine
447 3193 511 3254 loco
532 3202 563 3255 44
584 3212 663 3256 4444
679 3198 747 3255 int.
761 3197 956 3258 tumliomae.
1013 3192 1050 3253 ad
1073 3195 1158 3254 Pium
1178 3193 1213 3252 ll.

240 3282 327 3344 tati.
350 3293 382 3345 44
399 3287 488 3348 taso.
505 3289 535 3347 8.
1055 3283 1331 3365 Contemplationem
1350 3285 1453 3348 ttstae·
1468 3287 1496 3344 in
1517 3281 1586 3348 Cod-
1605 3281 1706 3342 Vatica-

277 3377 320 3436 De
342 3376 476 3456 Corpore
491 3379 617 3442 Gtirt'stt'
631 3381 780 3454 amtersus
795 3383 953 3462 1141444444,
1013 3397 1052 3442 no
1075 3381 1147 3441 973.

238 3466 296 3526 44.
321 3469 407 3530 1437.
429 3472 564 3533 94411444
585 3481 616 3533 44
637 3475 760 3552 Delphis
782 3479 848 3538 sine
877 3495 956 3538 4444
1057 3477 1230 3552 Disputatio
1253 3473 1311 3534 An.
1333 3474 1420 3536 4459.
1441 3477 1593 3549 4444444444
1612 3467 1658 3527 Pio
1674 3461 1703 3523 ll.

241 3560 271 3618 in
294 3560 323 3618 4.
343 3565 374 3619 44
395 3563 489 3639 Lugd.
522 3551 731 3626 4478144444
762 3570 886 3628 minore.
908 3570 958 3628 Vi·
1012 3567 1114 3630 habita
1136 3565 1208 3628 'cum
1231 3569 1263 3627 F.
1285 3565 1496 3628 Franciscode
1517 3565 1631 3626 Salona
1649 3560 1704 3616 4444

239 3649 328 3712 44444
344 3652 677 3718 idemCommentarius
691 3658 729 3718 44
747 3660 957 3724 Eucharistiae
1011 3662 1146 3733 llorere,
1168 3667 1270 3737 postca
1292 3663 1369 3738 Papa
1390 3659 1471 3718 Sixto
1491 3657 1536 3718 tv.
1557 3653 1591 3714 do
1605 3650 1704 3713 444144

238 3743 448 3824 Sacramenta,
459 3745 496 3806 de
508 3763 568 3825 quo
578 3749 751 3827 Raynaldus
770 3752 805 3813 ad
819 3753 853 3814 A.
867 3755 954 3817 1437.
1011 3759 1039 3816 44
1055 3760 1084 3815 44
1095 3752 1271 3815 adoratione
1282 3750 1435 3830 sonans
1448 3747 1566 3812 CHrt'sti
1573 3745 1710 3824 quium.

236 3839 335 3898 1421-
870 3831 873 3838 ’
1009 3853 1079 3909 tuae
1090 3849 1241 3908 44444414
1254 3847 1386 3908 Ecclesia
1397 3841 1567 3906 S.Andreac
1578 3837 1702 3900 traditur.

278 3929 390 3992 Cone-o
407 3932 594 4013 principales
607 3952 728 3999 errores
738 3938 912 4003 1444444414
926 3949 956 4004 44
1048 3943 1246 4017 0444444444
1268 3939 1304 4000 de
1324 3937 1406 3998 DFO
1424 3943 1454 3998 et
1472 3931 1596 4012 tapetis.

238 4023 404 4085 turcorum
420 4026 485 4088 sive
506 4029 737 4091 Saracenorum.
758 4033 797 4092 ad
815 4035 900 4096 Pium
916 4037 951 4096 ll.
1048 4035 1164 4097 Contra
1186 4037 1284 4094 certos
1307 4030 1467 4092 4444444444
1488 4026 1597 4088 nsoter
1616 4023 1700 4100 impie

232 4116 289 4180 An.
313 4120 401 4180 4459.
425 4123 453 4180 14
477 4125 633 4199 procinctu
654 4123 757 4186 Dictae
779 4127 808 4185 14
823 4127 950 4187 civitate
1003 4132 1130 4206 pnontes
1144 4131 1353 4207 paupertatem
1372 4121 1494 4187 Citristi
1505 4121 1618 4201 ejiaqtie
1632 4115 1700 4194 Ape

231 4211 391 4272 llantuana
412 4213 611 4276 celebrandae
632 4217 662 4274 tn
685 4218 712 4276 t.
734 4217 849 4296 absque
871 4235 950 4279 anno
1005 4219 1161 4282 stolorum.

233 4309 265 4360 ot
285 4302 372 4380 loco,
394 4312 426 4365 et
447 4305 636 4368 1444441646.
659 4310 687 4368 8.
976 4361 979 4368 .
1047 4313 1177 4376 tihellus
1192 4333 1251 4396 pro
1269 4309 1437 4394 defanstone
1450 4297 1699 4384 144444441444444ι

273 4395 445 4475 Apparatus
465 4413 557 4480 sopor
582 4397 712 4480 deponit
741 4403 791 4462 IV.
824 4403 949 4464 Decreta
1004 4410 1091 4472 Alius
1113 4409 1149 4470 de
1169 4408 1283 4488 napttis
1300 4401 1515 4488 spiritualibus.

232 4489 420 4568 pmmulgato
438 4491 467 4550 in
490 4493 621 4554 Concilio
639 4494 819 4556 Florentino.
833 4497 945 4558 Prodiit
1043 4491 1700 4582 Reprobatt'onesitltlll'tti.articulorumtias·

232 4595 301 4639 cnm
324 4597 442 4643 summa
463 4584 502 4664 de
516 4586 671 4663 Ecclesia,
687 4588 790 4649 114444.
809 4592 895 4653 4564.
916 4595 944 4652 t.
1003 4593 1135 4657 sitorum
1155 4597 1213 4656 An.
1239 4595 1326 4666 ⁴552.

234 4669 389 4736 044114444
399 4673 477 4738 duae
490 4695 544 4740 seu
561 4677 785 4743 dissertationes
802 4682 832 4743 in
844 4683 943 4747 eodem
1043 4691 1203 4750 tractatus
1222 4693 1328 4750 contro
1350 4671 1568 4750 Aot'sanrentum
1591 4675 1698 4742 Basile-
