3562 5582
219 87 259 150 44
798 64 1125 146 4444444444

220 204 248 255 44
270 211 287 254 4
310 193 452 254 bollando
470 195 498 252 44
517 193 601 252 detis
615 195 795 252 sauctmum
814 199 885 253 tom.
909 196 936 253 4.
990 202 1117 272 quartus
1133 193 1274 256 exhibeat
1297 201 1381 275 gesta
1396 197 1609 274 imperatorum
1628 203 1689 262 alio·

217 289 350 350 ianuarii
372 289 400 348 6.
422 303 489 365 pag.
512 287 580 348 333.
854 342 856 346 .
992 303 1127 364 rumque
1143 287 1333 367 Principum:
1350 289 1473 366 quintus
1488 289 1592 351 Orbem
1611 299 1691 352 44444-

257 381 301 442 De
329 381 448 441 Sanctis
473 380 613 442 iratribus
641 396 676 440 ac
700 377 886 458 ldartyribus
903 386 937 440 ut
992 396 1059 439 rum
1069 379 1229 455 44444444,
1238 389 1344 443 sextus
1353 381 1481 460 denique
1490 387 1690 446 successionem

217 477 303 554 ajunt
316 475 500 538 subNerone
511 473 784 536 Mediolanensibus
794 473 937 535 4444444-
992 473 1170 536 Pontificum
1194 472 1374 553 aediumque
1402 476 1559 538 illustrium
1580 481 1691 554 quatuor

218 572 278 632 SlO
305 587 341 631 ac
363 567 550 630 PROTASlO
572 567 708 646 Epistola
729 569 759 628 S.
772 567 936 628 -dmbrosio
995 565 1213 642 Antiochenae,
1230 569 1521 648 hierosolymitanae,
1537 569 1693 631 444444444-

218 665 371 744 supposita
385 667 486 723 exstat
507 663 534 720 in
550 661 716 739 appendice
733 667 805 720 tom.
820 663 845 721 l.
859 662 937 738 Ope·
991 674 1047 718 nee
1058 665 1092 718 44
1109 661 1354 724 ravennatensis
1367 669 1570 740 persequatur,
1587 661 1692 722 omissis

93 799 96 804 -
218 777 285 818 rum
301 757 441 817 editionis
464 771 561 814 novae
579 753 842 814 benedictinorum
869 771 935 833 pag.
990 753 1339 833 constantinopolitanis,
1359 754 1439 832 quod
1452 773 1510 818 non
1527 755 1564 816 ab
1582 754 1693 833 Apostc

218 852 275 911 484
297 859 329 910 44
356 853 385 908 44
405 849 490 909 Actis
508 850 695 909 Sanctorum
708 853 779 908 tom.
807 848 834 906 3.
852 848 933 908 Junii
991 845 1089 906 lorum
1101 841 1298 924 temporibus,
1310 848 1363 909 sed
1380 866 1398 910 a
1413 849 1596 911 Constantini
1610 849 1692 926 llagni

219 947 265 1006 49.
279 945 346 1023 pag.
365 945 418 1005 824
442 943 490 1004 444
506 942 592 1020 longe
610 943 696 1020 plura
713 941 751 1003 ad
767 957 937 1002 44444444-
991 943 1091 1000 aetate
1105 942 1265 1018 coeperint
1285 943 1345 1003 Hoc
1361 957 1437 1022 opus
1453 942 1609 1021 quodcum
1621 941 1694 1018 liegi-

216 1039 325 1115 liquras
339 1037 516 1114 cultumque
534 1035 693 1110 facientia,
711 1042 743 1096 et
755 1035 834 1114 apud
848 1036 938 1108 Ilaro-
994 1047 1071 1091 noue
1099 1038 1133 1091 et
1159 1033 1312 1110 sigeberto
1344 1037 1373 1094 in
1401 1033 1496 1096 lucem
1518 1035 1587 1095 dare
1613 1033 1694 1092 voluit

217 1133 301 1193 nium
317 1130 355 1192 ad
381 1128 569 1214 llartyrolog.
593 1130 631 1189 49
654 1129 746 1190 44444.
773 1127 839 1188 444
861 1125 938 1187 Acta
991 1127 1105 1187 Petrus
1126 1127 1306 1204 Seriverius,
1324 1129 1453 1189 necdum
1470 1129 1584 1209 publice
1607 1131 1695 1187 exstat

218 1223 366 1298 Nestorii,
384 1222 545 1300 Gervosr'i,
564 1221 699 1283 Protosri
713 1230 744 1282 et
764 1219 846 1284 Celsi
855 1265 862 1295 ,
882 1223 934 1280 ba·
993 1218 1071 1296 quod
1084 1221 1188 1295 444444,
1199 1221 1378 1300 nequeejus
1389 1221 1521 1303 epitome,
1534 1220 1617 1298 eujus
1628 1217 1695 1296 apud

218 1321 281 1379 tine
291 1317 370 1396 apud
383 1307 600 1394 lipomannum
615 1322 689 1375 tom.
704 1317 722 1374 4
740 1314 779 1376 ad
794 1317 832 1376 ll
848 1317 938 1377 Octo·
992 1313 1107 1374 Hieron.
1129 1315 1266 1377 llubeum
1284 1319 1405 1377 4444444.
1428 1319 1532 1396 ltaque
1546 1322 1577 1375 et
1591 1311 1696 1374 videtur

217 1413 262 1472 br.
277 1411 398 1472 Surium
420 1411 542 1470 49444.
560 1409 673 1472 Graece
700 1415 822 1471 auclore
847 1411 937 1470 hleta-
992 1407 1113 1483 ignotus
1129 1407 1224 1468 luisse
1242 1408 1402 1470 Benedicta
1419 1409 1592 1484 bacchinio,
1608 1407 1696 1467 claris

218 1505 341 1582 phraste
358 1503 416 1565 lis.
446 1505 474 1561 in
492 1502 675 1570 Bibliotheca
701 1503 847 1564 Caesarea
865 1509 937 1561 tom.
993 1500 1069 1572 simo
1083 1497 1212 1578 hguelll,
1232 1503 1283 1580 qui
1300 1503 1385 1564 Vitas
1401 1504 1575 1564 Pontificum
1594 1503 1696 1561 4444444-

219 1599 247 1656 8.
266 1597 403 1657 4444444.
419 1611 485 1674 pag.
502 1593 572 1672 2544,
584 1595 653 1670 258,
671 1595 741 1657 262.
756 1595 937 1656 Bibliotheca
995 1597 1111 1652 ualens.
1138 1595 1267 1673 scripsit,
1289 1595 1404 1656 editori.
1425 1595 1627 1656 Desideratum
1642 1593 1696 1670 jam

220 1691 399 1753 Coisliniana
418 1707 485 1769 pag.
510 1689 721 1750 2444444444
751 1706 818 1748 sum
848 1691 937 1749 4444
995 1699 1066 1746 4444
1096 1701 1151 1748 444
1185 1695 1339 1766 repertum
1359 1705 1429 1751 cum
1450 1690 1587 1750 Scriverli
1607 1685 1697 1748 biblio·

219 1785 303 1846 hetis
315 1785 496 1860 Sanctorum
513 1799 572 1844 nou
590 1789 715 1844 exstare
728 1829 736 1857 ,
749 1781 799 1843 ubi
817 1789 881 1843 erat
897 1782 942 1841 44·-
995 1784 1097 1856 lasea,
1115 1782 1248 1842 44444444
1265 1783 1383 1860 publica
1402 1782 1616 1844 distraheretur
1632 1781 1697 1842 San-

218 1886 274 1938 cus
289 1883 359 1936 tom.
376 1875 505 1937 Vl.'Julli
521 1877 580 1936 28.Ι
806 1929 809 1935 ,
995 1871 1044 1931 444
1067 1877 1199 1934 testatus
1220 1882 1269 1960 444
1288 1875 1323 1934 V.
1345 1878 1378 1937 G.
1398 1876 1549 1937 44444444
1569 1873 1697 1951 Georgius

202 2002 206 2013 ·
258 1971 275 2007 ⁸*
291 1969 445 2031 antistitis
462 1969 553 2032 44444
569 1971 714 2050 epistolae
735 1971 872 2049 geminae
889 1987 941 2031 44·
995 1966 1153 2026 Graevius.
1170 1965 1228 2028 Sed
1247 1968 1305 2030 lis.
1322 1968 1409 2031 hodia
1423 1979 1563 2031 servatur
1582 1969 1635 2028 ista
1650 1967 1697 2026 44

217 2072 285 2125 4444
302 2066 331 2124 44
341 2064 516 2124 44444444444
532 2063 691 2140 Epistolar.
709 2063 841 2125 Gelberti
858 2069 889 2124 et
909 2065 939 2122 ln
995 2057 1173 2120 dex·amtus
1189 2077 1259 2122 eum
1278 2062 1344 2122 allis
1357 2061 1696 2136 ¹Seriverianisabllugu·

218 2156 443 2218 collectionibus
464 2157 663 2219 Conciliorum
686 2159 768 2219 sieut
785 2163 817 2217 et
835 2161 863 2216 44
882 2159 942 2218 col·
996 2158 1042 2210 olo
1054 2153 1201 2231 gloriosae
1218 2157 1379 2216 memoriae
1392 2158 1474 2217 Duce
1489 2157 1518 2216 in
1536 2153 1697 2218 4444444444

217 2253 344 2312 lectione
376 2251 591 2310 historicorum
626 2251 738 2312 Galliac
766 2250 845 2329 apud
880 2251 941 2311 Du-
995 2245 1273 2324 Guelpberbytaua,
1290 2267 1327 2311 44
1345 2257 1534 2328 quopartem
1560 2249 1596 2310 dc
1616 2246 1698 2322 inps

219 2345 386 2406 chesnium.
404 2344 514 2402 llarum
545 2343 639 2403 altera
671 2343 811 2422 dirigitur
833 2343 875 2405 ad
892 2345 941 2404 Ni·
996 2339 1144 2400 ratoribus
1161 2357 1178 2401 4
1193 2343 1298 2402 (larcio
1315 2343 1419 2421 llaguo
1434 2343 1470 2403 ad
1485 2342 1603 2406 Annum
1623 2337 1698 2402 4298.

217 2427 334 2498 colaum
356 2436 392 2496 11.
414 2435 507 2496 altera
530 2435 581 2495 sed
606 2443 760 2514 postrema
787 2439 833 2498 sui
856 2443 940 2514 parte
996 2431 1098 2492 edidit·
1110 2434 1283 2511 praeclarus
1299 2434 1452 2496 Eccardus
1468 2441 1539 2496 tom.
1559 2438 1570 2496 4
1592 2431 1699 2510 scripto-

217 2531 323 2592 mutila
344 2529 380 2590 ad
401 2528 606 2590 Alexandrum
622 2530 657 2589 ll
669 2531 822 2590 llomanos
843 2531 941 2590 Ponti·
996 2541 1062 2584 rum
1096 2526 1185 2587 medii
1219 2529 1285 2587 aeri
1308 2545 1374 2607 pag
1394 2527 1477 2589 ttoo
1507 2535 1539 2588 44
1568 2528 1650 2596 allam
1668 2521 1698 2580 de

216 2625 289 2685 sices
306 2623 343 2684 de
357 2622 468 2701 qulbus
481 2621 550 2682 vide
563 2623 733 2698 Historiam,
742 2625 806 2682 Litt
793 2624 936 2684 4444444444
995 2619 1187 2681 Pontificibus
1204 2621 1345 2681 Romanis
1365 2638 1383 2682 4
1403 2623 1489 2683 Petro
1518 2619 1651 2701 apostolo
1668 2613 1699 2675 ad
1760 2635 1762 2640 ·

215 2717 371 2779 Galliaet.
391 2717 488 2806 Vllp.
507 2717 573 2777 583.
596 2713 634 2776 ll.
656 2719 937 2794 panterexllout-
995 2712 1117 2774 Annum
1145 2714 1308 2793 tooopng
1331 2715 1420 2777 4499
1444 2732 1499 2778 444
1520 2733 1579 2777 non
1598 2731 1633 2773 44
1652 2706 1699 2770 alto

216 2808 534 2872 444444444444444444
555 2815 658 2870 extare
689 2811 719 2868 44
751 2809 937 2871 bibliotheca
993 2803 1107 2865 Gradiue
1130 2807 1221 2886 Regio
1241 2807 1426 2869 berolinensl
1449 2826 1513 2889 pag.
1536 2799 1701 2871 42244298·

214 2906 356 2965 Vattrcana
374 2903 541 2984 fragmenta
557 2902 713 2963 literarum
729 2903 865 2963 Gervasii
883 2904 939 2962 lle-
995 2885 1211 2978 Compihtione
1227 2900 1478 2980 Cdrooclopicom
1498 2904 1535 2964 ab
1555 2896 1628 2964 Orbe
1643 2909 1701 2956 eon-

216 2999 338 3076 4444444,
350 3003 381 3057 44
395 2997 528 3074 lingonis
538 2999 602 3074 Lu
585 2995 750 3056 dunensis
759 2998 937 3074 Legatcmm
993 2992 1064 3053 dito
1072 2993 1108 3055 ad
1126 2991 1248 3055 Annum
1271 2995 1358 3056 4342.
1381 2995 1481 3056 hlium
1500 2996 1635 3056 codicem
1651 2987 1699 3050 llS

214 3071 461 3174 Apostolicomm.
472 3088 505 3149 ld
517 3095 619 3148 tamen
633 3088 779 3150 mendose
791 3091 936 3168 seriptum
994 3087 1124 3147 Pomarii
1146 3094 1249 3152 servat
1264 3081 1574 3176 Bibliotheeapubliea
1594 3081 1703 3147 Leiden-

189 3178 261 3246 ’444
282 3184 319 3246 44
339 3183 484 3244 Gervasio
499 3183 573 3260 ,qui
596 3199 753 3259 nunquam
777 3183 938 3260 Legatione
994 3179 1044 3237 444
1058 3195 1097 3238 ex-
1121 3179 1220 3258 4444444
1240 3181 1425 3242 celeberrimi
1447 3184 1506 3243 Viri
1521 3180 1619 3243 Jacobi
1635 3175 1701 3237 l’erl·

213 3279 382 3358 Apostolica
400 3271 587 3336 iunctust
539 3281 595 3334 est.
615 3275 741 3353 lusuper
758 3281 825 3336 acta
855 3291 939 3336 coro
993 3273 1079 3330 zonli.
1094 3273 1205 3334 Exstat
1220 3289 1340 3352 quoque
1355 3277 1384 3335 ln
1402 3273 1584 3336 Bibliotheca
1599 3267 1701 3334 dltdcr·

214 3372 326 3432 nationi
355 3367 479 3447 Philippi
512 3369 582 3446 444,
557 3384 602 3426 σ44
633 3367 835 3444 Francorum,
860 3386 938 3446 quae
996 3363 1074 3426 linae
1093 3364 1271 3428 Academiae
1292 3385 1329 3427 er
1352 3369 1398 3447 leg
1381 3375 1446 3429 oato
1467 3368 1654 3436 Oelhaliano,
1673 3364 1702 3419 ol

214 3464 328 3525 sublit.
342 3463 510 3524 Conventus
521 3459 672 3521 4444444444
683 3478 730 3521 44
745 3459 822 3524 toto
834 3461 939 3540 legun
992 3455 1079 3518 didici
1096 3476 1135 3519 44
1149 3461 1241 3522 celeb.
1257 3463 1303 3520 44.
1315 3461 1438 3522 Davidis
1453 3462 1571 3522 llorleri
1587 3459 1701 3520 4444444

213 3558 290 3618 444
284 3573 312 3616 44
335 3553 560 3618 44444444444444
580 3555 775 3614 conciliorum
793 3553 938 3614 Gervasio
993 3551 1037 3610 rio
1054 3551 1239 3613 Freharrauo
1256 3571 1286 3632 p
1299 3555 1344 3616 42.
1361 3571 1399 3614 ne
1408 3554 1446 3615 de
1456 3555 1597 3616 Vaticano
1608 3546 1702 3611 bodico

213 3651 283 3710 4444
303 3648 404 3709 deberi
426 3645 779 3709 contendunlllistoriae
798 3646 935 3708 eiusdem
993 3652 1024 3708 et
1041 3647 1201 3707 4444444444
1232 3645 1294 3723 jam
1312 3648 1452 3720 reiorum,
1483 3652 1535 3707 aut
1555 3645 1593 3706 de
1612 3640 1701 3704 4444444

213 3744 360 3804 4444444444
382 3743 554 3820 scriptores.
979 3737 1132 3800 versione
1149 3739 1281 3800 Comitis
1297 3739 1439 3801 Matthaei
1450 3739 1562 3800 4444444
1580 3731 1692 3816 44444444.

252 3835 465 3898 GERVASIUS
492 3829 692 3904 Rieobcldus,
715 3833 936 3908 Ferrariensis,
1030 3831 1244 3894 oahvislos
1261 3829 1464 3907 44444νί4444,
1480 3830 1617 3896 Friderlei
1638 3827 1701 3904 Spo-

211 3905 651 4001 Canonicusliavennatensis,
678 3927 806 4006 scriptor
832 3929 937 3988 Pomo-
993 3925 1114 3986 nhemio
1136 3927 1284 3987 liliatam.
1302 3929 1329 3986 2.
1346 3929 1477 4006 Operum
1491 3941 1554 4003 pag.
1569 3924 1634 3986 ost.
1654 3913 1701 3978 hl

210 4023 264 4102 444,
281 4025 346 4084 sive
365 4018 507 4084 chronici
519 4019 609 4080 4444444
627 4017 726 4100 Orbis
739 4037 778 4080 ex
795 4023 936 4099 pomariis
992 4015 1165 4088 heromo,
1178 4011 1312 4080 Gesnero
1336 4017 1545 4098 444944444ςί4,
1575 4009 1702 4078 romeri-

211 4105 315 4178 multis
332 4133 425 4178 unum
451 4131 609 4176 conserere
637 4130 671 4174 se
692 4114 867 4194 protessus,
889 4131 932 4176 ec
991 4129 1029 4173 no
1055 4109 1262 4191 Titperr'earis,
1285 4113 1361 4175 44444
1384 4111 1570 4186 Tillebesius,
1587 4109 1635 4170 vel
1653 4097 1701 4165 rit-

90 4281 95 4287 ,
201 4210 538 4290 pomariishieronymr,
543 4203 695 4286 Prosperi,
705 4205 806 4281 Mileti,
813 4205 933 4281 4444444,
990 4203 1216 4284 lemberpeasrs,
1250 4207 1429 4286 Lyccstheni
1461 4203 1636 4275 4444444444,
1653 4201 1701 4259 ie

179 4337 183 4346 »
210 4301 358 4381 Eutropii,
376 4301 466 4363 Pauli
479 4301 614 4378 Dioeoai,
631 4299 740 4378 Rufini,
760 4297 844 4358 Petri
866 4300 933 4377 Tre-
989 4298 1078 4360 laudo
1093 4315 1158 4378 cap.
1177 4299 1245 4363 484.
1266 4293 1700 4382 Tithohluahnglusapatrio

210 4396 315 4470 censis,
329 4393 419 4454 Pauli
431 4393 540 4470 044444,
562 4399 592 4454 44
610 4393 638 4452 T.
659 4391 745 4452 Liuii.
765 4393 798 4452 ln
817 4392 931 4472 44444-
989 4393 1081 4453 Tillae
1093 4396 1336 4474 curia,cppidulo
1350 4393 1602 4456 Ostra-Saxonum
1614 4395 1642 4452 in
1657 4389 1700 4449 iit-

210 4488 260 4551 lud
275 4488 365 4549 libros
385 4487 528 4550 dividitur
548 4494 627 4549 teste
650 4486 754 4546 Vossio
776 4502 842 4564 pag.
861 4487 929 4546 599.
986 4492 1050 4546 tore
1066 4489 1207 4548 aestuarii
1225 4489 1370 4548 'Tamesis
1390 4487 1483 4548 lluvli.
1501 4487 1651 4547 Pmiectus
1670 4483 1696 4538 in

208 4598 337 4658 quorum
352 4587 414 4640 tres
428 4583 574 4658 primores
590 4583 628 4642 ab
644 4580 723 4642 Orbe
750 4578 868 4640 condito
890 4576 928 4638 ad
984 4579 1177 4640 Germaniam
1204 4585 1234 4642 et
1264 4581 1375 4641 charus
1392 4579 1501 4642 Othoni
1529 4580 1575 4640 444.
1593 4577 1629 4638 ab
1645 4573 1696 4636 ln.

205 4675 364 4742 Cllristum
383 4679 571 4750 natum,tres
584 4673 928 4751 posterioresaCllristo
986 4673 1073 4734 4208,
1090 4672 1127 4732 ad
1146 4673 1233 4734 4248.
1252 4669 1424 4752 Imperatori
1439 4718 1446 4749 ,
1463 4675 1514 4752 qui
1535 4679 1697 4734 maternum

211 4773 279 4827 nato
296 4767 333 4828 ad
351 4767 474 4826 Annum
492 4767 569 4826 root
587 4767 818 4844 progrediuntur
832 4767 882 4835 ita,
894 4774 929 4827 ut
983 4781 1126 4844 genusa
1156 4765 1244 4826 nobili
1264 4765 1384 4826 hemina
1413 4766 1534 4845 anglica
1555 4764 1694 4825 deduxit:
