3368 5536
623 99 923 162 4444444444
1469 106 1527 167 177

47 206 531 290 Stephanum,scribuntlguatius
549 209 699 269 Firminus
721 211 750 268 in
806 206 1018 281 risburionsis,
1052 223 1206 267 sacrorum
1241 208 1443 269 llomnnorum
1476 212 1529 271 ad-

47 301 111 360 notis
127 298 163 361 ad
184 300 350 363 Exordium
372 305 487 379 minus,
503 304 654 383 Segnious
676 302 751 363 libro
805 314 914 361 versus
942 301 1123 378 Episcopum
1147 316 1238 359 suum
1261 299 1429 362 4444444444
1451 303 1527 364 4444-

47 391 283 473 descriptoribus,
294 400 326 455 ct
341 397 526 458 Possevinus
545 396 576 455 in
592 400 751 473 apparatu.
805 393 868 453 lum
891 395 957 453 sive
977 394 1127 455 levellnm
1148 391 1284 474 fervidus
1306 401 1525 472 propugnator,

77 486 240 546 Serrooraem
256 486 321 567 44444
344 485 479 549 hobitum
493 487 526 547 in
542 484 626 546 obito
645 487 678 563 8.
700 483 753 545 Al·
808 494 913 545 contra
935 485 1072 563 ejusdem
1097 485 1269 562 rlpologiam
1291 486 1445 547 Ecclesiae
1467 487 1528 548 An-

50 574 141 651 044444,
154 578 246 639 refert
261 582 521 659 ldanriqueztom.
539 585 568 643 1.
586 578 750 641 Annalium
806 577 971 655 glicanae,
986 579 1231 638 Provocationem
1266 584 1297 635 41
1324 578 1411 638 binas
1439 580 1527 657 repli-

51 668 78 729 ad
101 685 210 731 annum
243 672 331 733 4109.
356 672 413 775 Qui
433 673 552 745 Author
572 670 612 732 ad
631 686 749 731 annum
803 673 961 744 cationes,
982 688 1020 731 444
1041 669 1149 747 Anglia
1178 669 1326 747 prologus
1348 670 1434 748 plura
1454 674 1529 732 scri-

53 756 120 821 luo.
138 761 242 822 scribit
262 781 383 843 quoque
402 763 494 841 jussu
514 763 659 843 Stephani
675 760 749 821 scri·
804 770 857 842 pta
875 761 999 841 44441444
1016 763 1110 823 edidit
1129 763 1249 821 lovanii
1264 762 1321 822 An
1329 764 1424 825 4564.
1438 766 1524 827 1565.

53 853 662 937 ptumesseliaeordinmporoumordinrs,
670 853 749 932 quod
806 855 893 917 1566.
934 855 1020 916 4567.
1058 858 1087 914 444
1118 857 1144 915 4.
1173 856 1236 932 ipse
1277 856 1397 917 lovanii
1435 860 1526 917 etiem

53 947 209 1023 inpressum
225 953 396 1011 extatoum
418 952 497 1010 notis
520 947 751 1027 Ignat'tFirmi-rr
804 947 1130 1010 (4414444444444572.
1145 947 1220 1008 Vide
1231 946 1394 1009 Antonium
1407 949 1526 1009 awood

54 1038 90 1107 44,
105 1035 156 1098 io.
177 1037 269 1099 4640.
804 1048 877 1101 tom.
897 1043 926 1103 2.
942 1042 1013 1101 bist.
1030 1042 1355 1102 liniversitntisOxon.
1373 1059 1440 1120 pag.
1459 1044 1525 1103 436.

81 1129 201 1209 benique
222 1133 345 1210 scripsit
365 1132 504 1214 4444444444
523 1133 632 1195 corios
654 1110 751 1192 4444444-
804 1136 855 1211 qui
882 1134 1023 1212 llardingi
1052 1136 1163 1212 scripta
1192 1135 1296 1194 Latine.
1322 1150 1410 1195 versa
1435 1136 1528 1195 refert
1615 1164 1621 1173 1

56 1221 132 1281 44444144
143 1222 197 1282 zelr
199 1225 249 1299 ,44
270 1241 309 1284 444
330 1226 441 1303 quibus
454 1234 560 1287 extant
570 1225 648 1285 dune
668 1226 746 1284 inter
804 1226 981 1287 aGuilelno
994 1227 1150 1303 llaynoldo
1169 1228 1234 1285 sive
1250 1225 1422 1302 Reginaldo,
1438 1229 1528 1286 toan

56 1314 177 1390 Epistolas
197 1315 301 1376 Sancti
316 1318 488 1380 Bernardil
512 1316 747 1379 adLudovicum
804 1320 851 1379 nis
873 1319 964 1378 444444
996 1318 1049 1379 sed
1078 1321 1160 1397 typis
1183 1336 1241 1377 non
1262 1321 1424 1395 ascriptam
1446 1319 1527 1379 444444

58 1403 143 1466 4444444
169 1408 304 1488 Regem,
324 1412 352 1471 2.
374 1410 411 1472 44
444 1412 605 1472 4444444444
627 1410 749 1486 Papum.
804 1412 984 1472 versionem.
1006 1411 1212 1472 conterendae
1238 1418 1269 1470 44
1304 1409 1419 1471 4444444
1449 1413 1528 1472 Oxo

59 1496 207 1577 4444444444
229 1516 290 1561 non
313 1500 453 1564 videatur
473 1501 677 1581 improbabile,
697 1500 752 1559 tras
807 1505 928 1563 nienses
955 1509 1026 1563 tom.
1051 1507 1078 1564 1.
1101 1522 1129 1581 p
1153 1504 1219 1564 475.
1241 1512 1273 1564 44
1301 1502 1408 1563 ubido
1435 1504 1527 1563 444144

57 1588 160 1653 luisses
180 1591 292 1653 Sancto
313 1594 468 1655 Bernardo
488 1593 753 1656 dictatasNotan·
806 1613 872 1674 pap.
898 1596 965 1654 169
988 1612 1051 1672 seq

59 1680 110 1743 dum
125 1688 245 1767 autem,
266 1685 348 1748 hunc
368 1686 499 1748 eundem
521 1702 590 1747 esse
623 1684 752 1761 sceptra-
848 1687 1529 1766 4444446444υὸ444441444444444444444444

59 1789 215 1852 999441444ῐῦ
232 1778 436 1840 possevinus
429 1779 633 1858 rnApparatn,
644 1776 751 1837 scribit
808 1796 864 1841 seu
879 1782 1054 1842 laubiensis
1070 1779 1170 1841 Abbas
1187 1781 1257 1841 Ord.
1273 1780 1403 1841 Bened'
1397 1798 1426 1838 444
1443 1780 1530 1839 ditio

61 1864 128 1928 444444
145 1869 376 1935 benedictinum
407 1872 650 1953 congregationis
680 1868 753 1930 (llu-
807 1889 845 1939 ne
876 1872 1070 1932 leodicensi:
1099 1875 1136 1933 ab
1163 1874 1250 1932 Anno
1279 1873 1349 1930 990.
1377 1872 1414 1932 ad
1439 1871 1527 1932 4007.

61 1958 197 2035 4444444444,
218 1968 252 2023 44
271 1965 432 2042 scripsisse
451 1963 687 2027 Eoebortotiones
711 1960 753 2022 od
808 1964 844 2024 de
865 1982 926 2041 quo
946 1970 1051 2025 auctor
1072 1965 1307 2024 continuationis
1334 1965 1467 2024 Fulcuini
1490 1963 1529 2023 de

61 2049 197 2128 44444444,
218 2059 251 2114 44
267 2054 377 2117 librum
390 2055 427 2117 de
447 2055 597 2130 charitate,
618 2070 674 2116 seu
697 2056 752 2131 (re-
810 2057 904 2135 gestis
923 2054 1073 2117 llbbstum
1092 2057 1281 2116 Lobiensinm
1293 2101 1300 2131 ,
1314 2055 1448 2117 editusa
1472 2056 1529 2116 Lu·

61 2140 124 2217 444444
141 2141 348 2222 decboritote,
362 2149 414 2226 qui
432 2155 480 2207 est
501 2148 550 2208 4444
572 2147 750 2227 4444444444
808 2166 844 2209 oa
868 2148 1012 2209 [tacherio
1042 2157 1114 2212 tom.
1140 2150 1185 2209 Vl.
1210 2148 1368 2225 (editionis
1388 2163 1486 2207 novae
1507 2152 1528 2204 t.

61 2246 126 2310 snpra
140 2239 324 2316 vocavimus,
344 2238 490 2301 Cbortom
506 2239 685 2302 eboritotis:
700 2257 754 2299 ex·
809 2243 838 2301 2.
858 2260 884 2320 p.
908 2242 983 2316 8444
1007 2241 1139 2320 Scripsit
1155 2246 1241 2319 perta
1264 2239 1440 2319 Pontificum
1461 2240 1530 2298 Leo-

62 2330 139 2407 44444
156 2328 293 2408 pluribus
314 2323 343 2391 444
365 2333 439 2393 44444
460 2335 543 2411 typis
564 2348 754 2411 expressus,
808 2332 973 2395 diensium:
995 2334 1119 2413 scripsit
1144 2333 1267 2395 metrico
1287 2331 1355 2394 stilo
1383 2331 1478 2392 vitem
1497 2332 1528 2393 8.

64 2420 566 2503 444444444444444444444444444444444
581 2424 755 2484 Plautinana
814 2422 1532 2507 Ursomori:seripsitetiomodHoponem,Epi-
1554 2494 1558 2499 Ι

62 2525 118 2574 4444
129 2515 214 2579 loos.
234 2523 267 2578 et
285 2534 365 2578 anno
384 2518 470 2579 4641.
486 2517 622 2597 Lugduni
638 2523 712 2577 tem.
726 2520 754 2576 4.
810 2520 917 2581 soum
932 2517 1160 2599 depoibosdom
1173 2516 1412 2599 quaestionibus·
1427 2516 1530 2577 etalio
1588 2532 1590 2537 ’

62 2602 194 2669 nonium
204 2610 330 2671 cisterc.
347 2608 453 2690 Angeli
474 2612 635 2688 llariquez,
647 2608 685 2670 ed
701 2625 754 2669 an·
811 2611 907 2677 multo
920 2613 1083 2692 composuit
1092 2658 1101 2688 ,
1120 2612 1173 2672 sed
1187 2612 1217 2671 in
1234 2610 1329 2671 locem
1348 2628 1408 2670 reon
1424 2610 1529 2673 emr'eit.

65 2713 118 2761 rum
136 2704 166 2763 44
176 2703 223 2767 49.
790 2772 793 2777 ,
809 2704 940 2784 Scripsit
955 2703 1013 2764 4446
1033 2722 1092 2765 suo
1108 2709 1137 2763 et
1152 2702 1379 2762 noscuntur
1387 2718 1529 2781 persono,

89 2794 256 2873 Caeterum,
277 2795 449 2876 Stephanus
469 2794 592 2856 tandem
613 2800 682 2872 post
706 2794 752 2852 13.
814 2797 981 2858 leodiensis
989 2795 1298 2874 Clerici,posteovero
1310 2792 1531 2872 Ultrojectonsrb

63 2890 219 2950 monsterio
240 2905 295 2969 per
311 2891 446 2968 seipsum
464 2888 587 2950 lundata
600 2929 608 2963 ,
622 2892 654 2946 et
671 2886 754 2963 plura
811 2889 960 2969 Episcopi,
980 2886 1138 2966 0444494444
1157 2886 1344 2949 oeconomia
1364 2882 1529 2945 Ecclesroe:

64 2980 196 3056 44441444,
211 2987 358 3051 44444444
373 2981 522 3042 laboribus
536 2982 664 3053 tractus,
678 2993 757 3038 anno
812 2981 848 3043 de
867 2981 1004 3042 Adventu
1023 2979 1149 3040 04444444.
1173 2977 1328 3057 conpescit
1352 2977 1441 3038 etiem
1461 2993 1529 3037 eoe-

63 3070 157 3135 0444444
184 3072 481 3137 1434444444444444
509 3074 657 3134 sarcinam
686 3071 760 3130 resi·
813 3079 864 3133 tro
880 3072 1118 3135 unrosnrnn
1129 3071 1225 3132 44444444
1240 3069 1462 3135 Cotlwlicorum
1476 3070 1533 3129 Po-

10 3216 12 3243 ,
63 3168 166 3241 guerit,
201 3170 402 3246 sequentique
435 3182 534 3241 auno,
563 3170 668 3225 sancto
699 3161 760 3222 fine
814 3172 896 3226 444444
915 3165 1031 3247 scripto
1045 3165 1081 3227 de
1096 3166 1229 3242 Corpore
1255 3168 1285 3224 et
1307 3162 1461 3240 84494444
1476 3161 1534 3220 Do-

10 3248 12 3261 '
63 3260 158 3332 quievit
179 3263 210 3319 in
231 3261 377 3332 04444444,
398 3257 606 3336 Martyrologio
627 3257 760 3316 ltomano
813 3259 895 3319 4444444.
913 3261 991 3319 41444
1010 3259 1066 3334 4414,
1083 3275 1161 3336 quae
1178 3257 1283 3317 eodem
1297 3255 1439 3333 leguntur
1452 3251 1532 3331 apud

62 3358 113 3424 post
129 3353 243 3415 obitum
262 3350 434 3429 adscriptus
452 3349 500 3413 17.
521 3348 642 3428 Aprilis.
660 3347 688 3423 b)
712 3347 760 3406 Vi·
815 3351 1003 3429 sigebertum
1024 3367 1089 3428 cap.
1103 3350 1170 3409 498.
1186 3356 1217 3409 44
1236 3348 1316 3427 apud
1332 3346 1534 3409 Trithemium

10 3482 17 3503 .
61 3446 108 3502 tarn
125 3443 190 3523 ejus
204 3441 298 3504 edidit
309 3444 412 3502 Latine
427 3442 665 3518 chrysostomus
681 3439 762 3499 ilen-
814 3460 880 3521 cap.
901 3443 968 3503 304.
991 3443 1028 3502 de
1055 3443 1085 3503 s
1107 3444 1141 3504 Ε.
1162 3449 1194 3503 et
1215 3443 1251 3502 ll.
1274 3442 1322 3501 69.
1345 3440 1452 3500 illustr.
1478 3442 1534 3500 Be-

64 3536 148 3613 riquez
162 3540 191 3596 io
209 3536 363 3597 Fasciculo
385 3536 586 3607 Sanctorum,
601 3537 632 3591 et
648 3531 761 3591 Gallice
815 3535 957 3597 nedictin.
985 3538 1037 3612 qni
1063 3534 1146 3597 addit
1166 3536 1257 3599 etiam
1289 3530 1401 3593 librom
1417 3531 1456 3593 do
1481 3531 1535 3605 444·

63 3628 175 3691 lennes
194 3629 223 3691 d’
235 3629 389 3706 Assigny,
407 3629 440 3713 in
459 3627 621 3693 Conclavi,
637 3631 708 3684 tom.
732 3626 759 3683 4.
814 3626 893 3690 vireis
914 3626 1027 3710 officiis,
1047 3646 1141 3705 quem
1162 3626 1302 3689 Oudinns
1322 3634 1346 3684 4.
1362 3626 1392 3687 2.
1412 3643 1442 3704 p.
1463 3622 1533 3685 b87.

63 3719 141 3789 044444
157 3722 299 3785 laudatus
309 3719 451 3782 vischius
464 3717 655 3797 postmodum
667 3718 760 3776 etiem
816 3737 861 3798 sq.
879 3721 964 3781 illum
982 3736 1051 3781 esse
1068 3720 1207 3797 putabat,
1221 3737 1314 3797 quem
1335 3719 1535 3780 4414440444-

64 3813 197 3877 llaudriee
214 3814 357 3895 reddidit,
368 3820 400 3873 et
413 3814 472 3872 tls.
489 3811 673 3896 44444444νί4,
690 3825 761 3868 cum
815 3814 853 3875 Nl
876 3815 995 3874 nomine
1016 3813 1131 3875 editum
1150 3814 1296 3875 4444444444
1313 3830 1330 3872 4
1347 3811 1450 3873 blelch.
1472 3812 1536 3871 4444-

10 3906 12 3931 ²
66 3905 182 3981 piurimis
204 3909 272 3970 aliis
293 3897 564 3967 vitisSanctorirm
586 3911 617 3962 et
638 3902 762 3963 Sancta-
816 3908 911 3983 torpio
944 3907 1022 3982 inter
1053 3909 1218 3983 scriptores
1247 3904 1340 3981 hujus
1365 3904 1534 3979 argumenti

68 4012 121 4059 4444
149 4000 261 4063 ordinis
292 4001 420 4062 Cisterc.
451 3994 608 4058 Flandrico
642 4010 763 4073 quoque
817 4017 883 4078 pag.
895 3998 964 4058 225.
986 4006 1017 4059 44
1033 3999 1112 4058 44444.
1139 3997 1287 4076 capitibus
1311 3995 1536 4071 locupletiorem
1650 4024 1654 4030 ·

70 4088 186 4155 idbmate
206 4095 245 4155 ab
264 4110 301 4154 eo
321 4090 452 4169 donatis.
818 4092 897 4150 inter
931 4089 1049 4151 44144444
1085 4105 1174 4166 opera
1211 4104 1277 4166 pag.
1312 4086 1402 4148 4007.
1444 4085 1535 4145 Gestis

10 4252 12 4261 Ι
100 4183 247 4249 0444444444
261 4164 574 4246 Yiomolldllltllt'GO
588 4181 703 4253 dicere,
718 4186 765 4240 nt
819 4182 1035 4262 Episcoporom
1069 4179 1277 4243 leodiensium
1313 4180 1339 4255 44
1370 4179 1535 4257 primorum
1620 4193 1625 4202 ·

10 4272 1251 4367 4044444444444444444444444444444-4444944444144444444
1282 4274 1316 4333 B.
1341 4270 1535 4345 llemeclum,

10 4340 164 4433 isere
180 4372 382 4435 llebraearum
410 4370 579 4429 litterarum
600 4365 767 4427 Oxoniensi
821 4369 901 4429 edita
945 4383 964 4429 4
1003 4366 1197 4445 Clrapeavillo
1239 4368 1267 4424 in
1309 4366 1404 4444 gestis
1439 4364 1538 4423 Ponti-

10 4416 13 4537 4
79 4456 296 4526 Canonicusdn.
319 4463 404 4523 4554
424 4469 456 4521 44
477 4459 694 4520 Thesaurerius
715 4457 767 4518 84·
822 4460 913 4521 4444444
949 4461 1192 4539 Tungreusinm,
1225 4458 1468 4534 Traiectensium
1504 4462 1537 4515 44

10 4714 12 4749 :
109 4676 230 4736 4444444414
250 4683 313 4731 14444
330 4680 407 4732 verbe
424 4696 450 4746 p.
468 4681 527 4730 402.
863 4669 889 4728 s)
904 4658 977 4733 'Apud
997 4639 1164 4718 trithemium
1183 4665 1248 4713 mele
1274 4676 1415 4724 excusum,
1431 4658 1544 4714 4404444-

10 4784 13 4839 4
109 4747 131 4811 b)
142 4759 204 4811 44444
221 4753 572 4818 acoemetensi.
589 4765 617 4815 p.
635 4749 693 4802 496.
703 4758 757 4812 444.
819 4743 898 4794 riom.

1253 4846 1309 4905 402
