3608 5604
236 49 296 112 504
892 44 1070 110 LOPEZ

235 156 308 218 Ord.
334 153 446 216 Bened.
471 168 562 231 prope
591 151 770 212 Gaudavum
797 152 876 212 44444
905 168 952 212 44.
1009 151 1248 232 compendiense
1272 153 1678 236 aestumatissimus

236 251 325 313 4450.
348 249 469 325 scripsit
485 245 580 305 uitam
597 246 632 305 B.
651 244 794 320 Caletos,
814 244 868 305 sed
889 244 956 306 Bel·
1010 249 1090 307 notis
1104 247 1140 307 sd
1158 248 1292 308 Gniberti
1304 251 1579 331 NavigantiuiOpera
1591 256 1679 332 4449.

235 337 956 422 gice,deqnahctaSauctnrumtonr.t.hlar·
1051 338 1265 401 LOTllhlllUS
1298 341 1389 402 lCtns
1420 343 1615 404 Cremonensis
1642 364 1680 406 an.

235 441 267 496 tii
286 438 314 494 6.
332 453 396 512 pag.
417 433 484 494 533.
503 435 629 494 Caetera
648 435 770 506 Latine,
786 434 899 512 opinor,
917 431 967 502 de¹
1012 433 1100 492 4489.
1127 433 1266 493 aemulus
1290 435 1415 509 Azouis,
1428 434 1477 512 jus
1492 439 1625 498 Bononiae
1641 439 1682 498 do

234 530 344 608 quibus
361 527 500 589 Ondinns
517 535 590 586 torn.
607 528 644 598 3,
659 535 724 604 p'ag.
740 528 829 587 4504.
845 527 888 586 De
900 527 955 588 Sn-
1010 526 1095 600 enit,
1116 525 1287 603 glossisqne
1319 528 1411 606 Leges
1439 529 1594 590 illustravit.
1622 531 1681 592 4444

235 627 386 682 eramento
414 619 626 682 Eucharistiae
649 626 679 680 et
704 618 739 679 dc
770 618 901 681 tenensis
916 635 955 679 ec
1010 618 1208 678 Paucirollnm
1225 620 1259 679 tl.
1271 620 1319 680 46.
1332 619 1407 681 idem
1423 621 1524 682 deinde
1540 625 1683 684 vercellen·

235 714 393 777 credendis
405 714 489 774 circa
507 713 831 782 iliudSacramentnm.
850 713 892 774 04
906 712 956 772 de·
1011 711 1054 770 sis
1071 711 1246 789 Episcopus,
1258 717 1289 770 et
1304 729 1351 772 au.
1363 713 1447 774 4407.
1463 715 1682 794 archiepiscopus

233 806 363 888 sentibus
380 808 464 868 circo
481 807 619 868 Missam.
647 806 689 864 De
715 805 787 866 vitio
804 803 956 868 simoniae
1010 803 1138 864 Pisanus
1165 819 1204 864 ac·
1224 805 1352 883 denique
1376 823 1424 868 su.
1443 811 1454 870 4
1461 809 1525 870 445.
1541 811 1683 871 0444444444

235 901 266 962 in
279 900 433 980 reir'pinne.
451 903 493 960 De
505 897 658 960 reditibus
675 899 717 958 nd
738 898 842 960 Vitam.
1010 897 1310 974 hierosolymitanus.
1331 899 1402 960 Vide
1417 901 1564 979 Ugheliam
1588 909 1648 962 tom.
1660 905 1682 964 3.

279 993 635 1056 TheodericusLONGUS
652 991 959 1070 8444440044540.
1011 1006 1077 1067 pag.
1098 991 1164 1051 444.
1188 997 1258 1050 tom.
1285 993 1312 1052 4.
1335 1009 1399 1070 pag.
1424 994 1490 1054 796.
1515 995 1592 1056 44444
1611 997 1683 1056 edam
1770 1057 1772 1072 ,

274 1092 406 1150 ioannes
426 1088 542 1148 LOl‘liZ
561 1089 627 1146 sivo
645 1087 777 1166 Lupias,
796 1087 956 1148 Salmanti-
1013 1082 1226 1144 4οΤ44444408
1242 1085 1450 1146 Cremonensis
1460 1087 1547 1148 tilius
1552 1085 1684 1165 juniorau.

234 1179 691 1260 censisHispannsOrd.Praed
714 1183 852 1240 4444444.
866 1180 953 1241 4464.
1006 1175 1102 1240 4445.
1123 1178 1165 1236 04
1187 1184 1314 1255 utroque
1335 1177 1451 1240 4444444
1467 1187 1533 1239 tom.
1550 1181 1686 1240 4044444
1771 1197 1772 1252 r

235 1279 357 1356 scripsit
371 1281 474 1336 centra
505 1273 733 1354 superstitiones
759 1271 956 1332 iudaeorum.
1012 1285 1068 1330 uae
1086 1268 1234 1332 litteratae
1252 1288 1316 1349 pag.
1333 1273 1495 1335 9344400.
1516 1272 1620 1350 *44444
1638 1275 1687 1333 lin·
1771 1261 1773 1352 ]

237 1373 336 1432 Vitam
349 1371 378 1431 S.
393 1368 659 1442 Dominici,Vitam
678 1366 709 1426 S.
724 1367 873 1428 Vincentii
888 1366 957 1424 llor-
1012 1365 1155 1423 raterium
1185 1362 1343 1442 Antiquitt.
1365 1366 1402 1426 lil
1433 1366 1512 1444 legas
1535 1369 1686 1443 praestitum
1772 1439 1773 1452 χ

236 1465 306 1523 44444
333 1463 492 1522 Valentini.
512 1463 683 1522 Sermones
713 1457 786 1519 Vide
811 1458 955 1519 iacobum
1012 1456 1687 1534 444444444444444444414444444444444444

238 1557 344 1629 Quetii
358 1561 430 1616 tom.
451 1557 486 1626 4,
506 1571 571 1632 pag.
587 1554 657 1615 346.
673 1555 724 1630 qui
748 1555 838 1612 etiam
857 1551 894 1610 de
909 1549 957 1627 jn·
1012 1549 1162 1608 Bononiae
1184 1565 1217 1610 se
1238 1550 1354 1628 publice
1382 1551 1433 1630 jus
1452 1553 1544 1612 civile
1562 1551 1691 1628 protessu-

239 1646 323 1704 uiore
341 1647 455 1703 Joauue
480 1641 579 1719 Lopcz
592 1640 710 1701 'itidem
729 1643 861 1720 llispaun
879 1640 958 1700 cele·
1013 1659 1091 1703 rurn.
1113 1643 1279 1720 signantur
1300 1643 1417 1705 tabulae
1433 1645 1498 1705 illae
1513 1661 1557 1704 au.
1573 1644 1678 1704 usa·

241 1737 286 1797 bri
305 1737 489 1798 Dominicnni
507 1735 628 1794 Ordinis
645 1735 856 1796 Historicoan.
879 1733 957 1795 4634
1053 1733 1203 1796 Fundatio
1235 1738 1429 1798 Parthenouis
1458 1741 1520 1798 sive
1547 1737 1691 1797 llonasterii

238 1831 348 1890 aetatis
366 1829 425 1888 408
440 1827 583 1888 defuncto
596 1827 748 1888 videndus
763 1834 785 1887 4.
803 1827 821 1888 4
840 1845 868 1905 4.
888 1826 955 1886 474.
1013 1829 1203 1906 puellarum,
1225 1846 1360 1890 sororum
1392 1829 1461 1890 Ord.
1483 1829 1578 1890 Praed.
1597 1830 1623 1888 iu
1642 1830 1693 1889 40

279 1921 492 1983 4000444408
510 1922 532 1981 4.
551 1923 715 1999 imperator
728 1921 766 1982 ab
780 1939 829 1982 au.
845 1921 903 1980 840
919 1920 955 1982 sd
1013 1923 1131 1997 TliEN,
1147 1922 1466 1984 mindensis-dioecesis
1481 1940 1526 1983 au.
1544 1920 1623 1982 4405.
1637 1927 1693 1998 post

238 2015 298 2077 855
314 2031 374 2094 quo
399 2015 612 2077 linuastcrinm
642 2015 818 2075 Prumieuse
846 2017 874 2074 iu
902 2014 959 2074 44·
1014 2013 1135 2074 modurn
1159 2017 1186 2074 in
1208 2014 1349 2093 oppidum
1367 2017 1474 2093 Lemgo
1494 2013 1635 2088 translati,
1650 2031 1694 2072 ex·

237 2109 358 2170 dueuua
385 2111 542 2187 ingressus
562 2107 642 2168 diem
671 2107 752 2167 obiit.
778 2109 806 2168 3.
824 2109 886 2170 Cal.
900 2110 958 2170 04-
1012 2111 1074 2166 stat
1097 2108 1124 2165 iu
1138 2108 1285 2168 lleibomii
1301 2114 1374 2167 tom.
1388 2109 1406 2168 3
1421 2109 1588 2186 scriptorum
1608 2123 1694 2165 rerum

240 2201 405 2263 tabariae
434 2199 556 2278 Lanuoji
581 2207 697 2279 partem
721 2203 748 2261 4.
766 2201 862 2278 Epist.
881 2202 910 2260 8.
926 2219 956 2279 p.
1011 2199 1257 2260 Germanicarum
1282 2217 1348 2278 pag.
1372 2202 1439 2260 535.
1457 2198 1609 2262 chronicon
1626 2197 1693 2274 ejus

238 2297 306 2356 354.
324 2302 416 2373 atque
436 2296 530 2368 iutra,
548 2292 777 2355 NlTllAliDUS.
1010 2291 1079 2352 dem
1098 2289 1294 2354 Parthcuouis
1322 2293 1359 2353 ab
1382 2311 1430 2354 au.
1448 2293 1522 2354 4405
1535 2291 1569 2352 ad
1585 2290 1692 2353 44444

273 2389 506 2449 0440404344
525 2388 561 2448 44.
581 2389 655 2466 imp.
668 2389 796 2448 8444444
808 2388 954 2449 electione
1009 2387 1037 2446 4.
1055 2383 1198 2460 ejusdem
1210 2386 1354 2446 Meibomii
1370 2402 1434 2464 pag.
1450 2385 1582 2447 545534.

235 2481 405 2559 hlnguutiac
419 2497 467 2540 44.
487 2481 575 2542 4445.
590 2479 732 2540 ‘namatio
750 2481 830 2558 apud
853 2484 953 2542 lliern·
1044 2475 1693 2556 440484400888444444444444444444444444

236 2591 363 2650 4444444
377 2575 543 2634 44444444
566 2575 747 2651 scriptorum
766 2575 951 2634 Austriacor.
1008 2568 1079 2632 Ord.
1096 2569 1206 2630 Bened.
1235 2573 1355 2649 scripsit
1382 2570 1418 2631 ad
1446 2571 1616 2650 Stephanum
1635 2571 1695 2648 Epi·

235 2682 300 2744 pag.
315 2667 373 2726 570
385 2683 448 2743 seq.
461 2664 607 2744 Ejusdem
619 2664 789 2746 lliptomata
803 2667 951 2744 quaedam
1007 2678 1131 2740 scopum
1166 2662 1261 2724 Vitam
1292 2666 1323 2726 8.
1347 2663 1496 2738 odilonis,
1515 2666 1631 2740 lingistri
1653 2665 1692 2722 sni

234 2761 263 2818 in
277 2765 357 2820 tomo
370 2759 617 2837 primoChrouici
630 2759 871 2838 Gntwiceusisp.
884 2760 951 2820 346.
1007 2753 1132 2815 Abbatis
1152 2758 1250 2833 quinti
1277 2757 1314 2818 ab
1334 2774 1381 2817 au.
1404 2759 1459 2818 994
1480 2757 1514 2818 ad
1537 2757 1615 2818 4049.
1634 2757 1693 2816 Cin·

235 2869 301 2929 seq.
321 2851 403 2912 ldem
423 2853 452 2911 iu
471 2853 578 2928 sigiliis
592 2858 623 2911 ct
636 2851 849 2932 diplomatibus
861 2855 951 2912 etiam
1009 2848 1167 2908 niacensis.
1179 2848 1396 2927 compendium
1409 2853 1473 2910 siue
1486 2851 1597 2910 nomine
1609 2856 1694 2910 aucto

235 2952 364 3004 vocatur
378 2944 592 3005 4044443408
604 2946 806 3022 0444444444
823 2944 953 3008 Lotharii
1007 2941 1050 3012 ris
1067 2940 1160 3001 edidit
1172 2940 1309 3002 Andreas
1325 2942 1365 3004 du
1383 2944 1500 3004 Chesue
1516 2945 1543 3002 iu
1557 2943 1621 3003 Bihl.
1636 2942 1693 3002 Clu-

235 3035 283 3094 444
311 3050 361 3094 44.
378 3033 457 3094 855.
486 3033 642 3094 austrasia
670 3036 735 3092 sive
764 3033 953 3112 Letharingia
1008 3035 1140 3096 uiacensi
1158 3051 1225 3113 pag.
1240 3036 1318 3115 4844
1334 3053 1396 3114 seq.
1411 3035 1486 3096 adde
1500 3041 1580 3099 notas
1595 3051 1651 3112 pag.
1662 3033 1693 3092 43

234 3128 368 3204 contigit.
386 3127 466 3186 Erat
478 3127 504 3186 is
521 3127 650 3188 Letharii
670 3129 691 3188 l.
709 3145 747 3188 ex
765 3129 954 3205 Hermiugar-
1009 3129 1199 3206 integriorem
1217 3129 1377 3190 llollnndus
1395 3132 1423 3188 in
1441 3129 1522 3189 44444
1538 3129 1693 3188 8444444444

236 3219 274 3277 de
291 3219 381 3281 iilius.
398 3219 471 3279 Vide
489 3217 638 3280 Sirmoudi
655 3219 752 3298 Opera
767 3227 838 3280 tom.
854 3223 872 3280 3
887 3236 952 3298 pag.
1010 3225 1082 3281 tom.
1099 3222 1125 3280 4.
1138 3224 1259 3282 tannsr.
1275 3224 1303 3283 4.
1319 3215 1383 3300 pag.
1396 3222 1495 3282 65-74.
1509 3220 1564 3282 Sed
1581 3219 1694 3280 nondun

235 3311 295 3370 487
312 3319 344 3372 44
361 3313 406 3371 lo.
423 3311 509 3374 ltich.
529 3313 720 3374 lieiueccinm
739 3313 777 3374 de
795 3314 900 3392 sigiliis
925 3331 953 3390 4.
1009 3315 1175 3392 integram,
1194 3331 1262 3376 nam
1280 3331 1315 3376 ea
1337 3331 1426 3392 44444
1455 3317 1483 3374 44
1508 3311 1693 3390 compendium

238 3404 305 3464 400.
324 3405 452 3465 Letharii
472 3406 521 3466 lli.
541 3404 693 3486 Epistulae
710 3408 760 3468 IV.
785 3413 877 3484 atque
892 3421 953 3466 uua
1010 3408 1093 3467 misit
1108 3409 1219 3468 Petrus
1236 3407 1428 3469 DhldthUS
1445 3405 1633 3486 (quodetiam
1650 3404 1693 3463 hs

234 3497 396 3573 llychyzse
413 3497 557 3575 conjugis
573 3498 610 3560 ad
629 3500 788 3560 Monachus
806 3501 953 3560 Casiuen-
1010 3499 1060 3561 die
1082 3505 1166 3560 44444
1187 3500 1422 3579 compendium)
1439 3500 1532 3560 tribus
1549 3497 1623 3558 libris
1636 3511 1696 3556 coo·

236 3603 287 3647 scs
303 3632 309 3658 ,
328 3589 470 3666 leguntur
486 3591 522 3651 ad
538 3591 651 3650 calcem
670 3590 844 3651 Casiuensis
861 3591 954 3651 Chro-
1010 3593 1119 3654 stabat.
1142 3593 1214 3653 Vide
1236 3609 1325 3672 sopra
1344 3596 1373 3652 iu
1391 3591 1591 3664 JOTSAl.D0,
1611 3588 1692 3664 444444

236 3681 294 3740 4444
313 3681 351 3740 ab
368 3682 483 3760 ringeln
510 3700 527 3742 a
555 3685 638 3743 lione
660 3684 798 3744 illustrati
819 3701 848 3742 u.
864 3685 953 3746 4444.
1009 3687 1092 3746 euim
1105 3681 1174 3760 est)
1192 3701 1256 3763 pag.
1273 3687 1340 3747 546.
1359 3685 1407 3746 nbi
1426 3687 1512 3745 stiam
1526 3682 1572 3744 de
1588 3679 1694 3760 planctu

236 3775 289 3833 llic
301 3779 349 3833 est
361 3773 549 3836 Lethariusa
567 3792 627 3853 qno
643 3777 724 3837 luris
737 3779 860 3838 Romani
877 3793 953 3838 usus
1010 3795 1103 3856 super
1124 3776 1259 3839 Odilouis
1280 3778 1430 3853 transitu,
1451 3774 1583 3836 versibus
1602 3773 1694 3849 scripu

236 3865 309 3926 loris
330 3866 510 3938 Germaniae
538 3885 632 3930 suasu
659 3870 764 3930 4444444
792 3861 954 3931 restitutus
1010 3871 1215 3940 hexametris,
1241 3872 1291 3946 qui
1323 3867 1505 3950 iucipitzrid
1523 3865 1605 3945 4444444
1624 3875 1695 3924 nocet

236 3959 373 4021 traditur.
386 3960 581 4039 Epitaphium
598 3961 666 4040 ejus
681 3963 709 4021 iu
726 3962 865 4024 Letharia
878 3963 954 4024 Cae·
1009 3961 1154 4024 emundat
1171 3960 1285 4022 chorda
1310 3977 1435 4023 sonoras
1456 3963 1484 4020 iu
1505 3959 1575 4022 Bibl.
1594 3957 1694 4018 Cluuia·

237 4067 321 4113 sares
340 4070 388 4112 an.
408 4056 485 4114 4439
513 4056 632 4132 sepulto
659 4054 786 4115 obvium
805 4057 833 4114 in
851 4055 952 4116 4444444
1008 4057 1091 4116 censi
1114 4072 1180 4132 pag.
1203 4055 1344 4116 349-334.

236 4145 319 4204 Tullii
339 4147 486 4223 Epistolis
504 4148 663 4207 itinerariis
680 4164 710 4225 4.
725 4148 744 4207 8
760 4155 851 4225 atque
866 4148 946 4208 alibi.
1049 4148 1225 4208 4004008
1241 4147 1334 4208 actus
1345 4153 1375 4206 et
1386 4147 1471 4207 Poeta
1489 4141 1695 4206 Patavinuseiu

274 4237 488 4300 LOTlililllUS
515 4240 606 4299 irater
622 4241 720 4303 Caroli
736 4241 847 4318 Regis,
863 4239 952 4317 cnjus
1008 4257 1056 4302 44.
1075 4241 1162 4302 4340.
1187 4239 1295 4302 Urbem
1315 4242 1484 4302 Patavinaru
1501 4235 1653 4312 descripsit,
1666 4247 1695 4290 ae

233 4331 363 4408 diploma
387 4332 539 4393 Ecclesiae
557 4333 750 4412 S..Stephaui
781 4333 874 4410 Lngd.
900 4333 952 4395 da·
1007 4333 1154 4411 quaedam
1172 4333 1210 4394 de
1225 4333 1339 4394 Gnellrs
1352 4350 1387 4394 ac
1403 4331 1571 4393 Ghihellinis
1585 4331 1610 4386 iu
1628 4325 1694 4385 litte·

232 4430 297 4483 tum
315 4428 393 4486 circa
412 4443 462 4486 au.
479 4426 547 4488 805.
565 4425 659 4487 edidit
674 4427 816 4489 Balnzius
834 4435 905 4487 tom.
921 4428 949 4487 4.
1008 4443 1057 4488 444
1075 4427 1188 4487 retulit.
1207 4426 1342 4487 Laudant
1358 4425 1528 4486 libertinus
1543 4423 1693 4488 liussatns,

233 4515 313 4575 0444.
332 4535 397 4596 pag.
415 4521 473 4580 449
1005 4528 1036 4580 44
1053 4535 1144 4598 quern
1164 4521 1298 4597 proxime
1316 4537 1331 4580 a
1350 4521 1383 4581 G.
1399 4520 1430 4579 v.
1442 4518 1475 4578 ro
1494 4512 1617 4577 Erhardo
1631 4511 1696 4585 iiap

274 4608 487 4696 LQTllhlllUS
501 4611 645 4674 Ludovici
664 4613 712 4674 lv.
730 4613 819 4691 iilius,
837 4613 949 4674 Galliae
1005 4616 1053 4692 pin
1072 4619 1307 4690 exspectamus,
1325 4614 1416 4674 Xicco
1437 4599 1613 4672 Poieutonns
1633 4601 1696 4661 4444

232 4697 293 4758 ilex
320 4700 359 4759 ab
382 4719 430 4764 44.
460 4707 513 4767 054
545 4707 580 4768 ad
610 4705 679 4768 983.
698 4706 794 4784 Hujus
818 4706 947 4787 diploma
1005 4709 1143 4768 vossium
1162 4723 1228 4786 pag.
1246 4705 1314 4766 704.
