3608 5604
231 137 292 201 550
819 141 1146 207 LEONIENUS

230 245 381 324 usquead
400 264 447 307 au.
471 247 557 308 4470.
582 247 654 309 Vide
671 249 870 312 Trithemium
887 267 954 330 cap.
1049 251 1066 287 ⁸
1087 253 1169 312 luter
1196 251 1294 312 claros
1308 251 1493 311 ,Leonicenos
1512 258 1541 312 et
1559 254 1625 316 lorte
1640 257 1686 319 ie·

230 340 298 400 603.
316 342 343 400 44
364 340 506 400 iacobum
528 342 632 414 Quetii
652 350 724 403 tour.
745 345 773 404 4.
796 361 862 423 pag.
884 345 952 406 845.
1011 352 1097 404 notos
1118 342 1327 422 adiungendus
1344 350 1374 403 et
1392 336 1616 406 Bartholomaeus
1630 350 1688 408 Leo-

229 449 303 511 seq·
310 435 467 495 Sermones
484 433 551 514 ejus
569 433 604 495 de
622 435 742 498 8444444
758 437 886 499 absoluti
904 454 954 498 an.
1010 439 1157 511 nicenus,
1174 435 1226 514 qui
1258 435 1377 496 saeculo
1398 436 1449 496 XV
1469 435 1561 498 44444444
1579 430 1687 518 ‘eiusque

229 525 317 598 4446,
345 541 403 586 444
427 525 476 587 4414
498 545 578 588 anuo
599 531 704 590 excusi
725 528 779 590 sed
800 547 838 591 au
866 530 954 592 4466.
1010 529 1243 590 declamationes
1273 527 1350 589 duaa
1377 533 1447 590 sant
1470 530 1497 588 44
1518 529 1583 590 Cod.
1603 533 1688 593 444444

229 619 328 691 4444444,
346 625 377 678 et
394 636 432 680 au
448 621 536 682 4473.
554 629 585 682 et
604 621 692 684 4476.
710 624 775 683 sine
793 624 877 700 loco,
898 623 955 684 Ve-
1011 623 1069 684 502
1084 624 1223 683 'Venetae
1244 621 1317 682 Bihl.
1339 623 1369 683 S.
1391 624 1493 694 444444,
1510 623 1537 681 44
1554 623 1688 703 losephum

228 719 288 772 net.
310 711 399 774 4475.
421 713 449 774 4.
473 714 578 776 Ulmae
602 715 689 776 4475.
713 716 845 776 44444446.
864 715 952 777 4478.
1010 716 1047 776 de
1066 715 1182 793 Alegris
1203 717 1253 792 qui
1269 714 1392 791 (scribit
1409 716 1543 776 zanettus
1562 717 1588 774 in
1607 716 1688 776 ludioc

228 807 332 884 Spirae
346 806 435 868 4479.
450 810 609 869 Sermones
619 805 655 868 de
667 807 828 869 Dominicis
845 813 874 868 ct
890 807 956 888 qni·
1009 808 1069 870 448.
1091 807 1228 870 eiusdem
1253 807 1466 883 Bibliothecae)
1488 812 1551 886 4444
1569 807 1690 870 Catilinae

228 896 355 960 6446444
370 898 475 979 fertis,
489 902 566 962 Ulm.
583 900 670 962 4478.
688 903 861 962 vincentiae
877 903 954 963 4479
1010 907 1174 982 temporalo.
1199 900 1318 980 quando
1338 901 1392 961 4444
1413 901 1485 960 lacta
1504 903 1650 961 coniuratio
1667 903 1690 959 io

228 994 316 1054 4480.
327 1000 357 1053 et
370 997 436 1054 4444
448 994 779 1056 444444944444444446.
793 995 957 1057 44744844-
1011 997 1133 1056 44444444
1156 995 1357 1055 venetiarum.
1379 992 1460 1052 Prlor
1479 995 1574 1070 incipit
1592 993 1692 1071 siquos

220 1103 328 1174 ,44444
343 1087 628 1166 Quodrogcsinioles
642 1087 678 1148 dc
693 1086 820 1167 Lepidus
834 1087 956 1148 4444444
1011 1087 1222 1149 humanorum.
1235 1085 1311 1146 Sunt
1325 1088 1413 1146 etiam
1436 1086 1471 1145 ibi
1491 1089 1612 1147 carmina
1631 1089 1693 1146 eius·

223 1178 340 1258 444444,
369 1171 513 1259 simplicis
540 1185 569 1240 44
594 1181 715 1243 devotae
743 1185 835 1242 Paris.
866 1179 954 1243 4477.
1011 1181 1080 1242 dem
1104 1183 1132 1241 in
1154 1179 1274 1242 laudem
1307 1179 1436 1240 civitatis
1465 1195 1517 1238 seu
1548 1181 1692 1257 potius‚ot

227 1272 954 1352 Uinnli78.Norimb.l478.llanet.lt73.bugd.
1010 1275 1257 1352 arbitror,geotis
1268 1272 1430 1346 Atestinae,
1444 1289 1564 1350 quorum
1575 1275 1684 1350 primun

228 1364 317 1427 4496.
329 1373 359 1426 44
373 1367 462 1428 4504.
477 1367 635 1428 4444444444
648 1365 683 1427 de
694 1367 846 1447 Sanguine
858 1367 956 1431 04444-
1052 1379 1105 1428 Stat
1123 1371 1191 1428 lnior
1206 1379 1285 1429 celsos
1301 1389 1449 1440 generosum
1465 1389 1552 1427 noman
1568 1383 1652 1428 4444444

226 1458 268 1518 444
286 1458 321 1518 444Ι
338 1457 438 1519 triduo
458 1461 565 1522 4444444
587 1461 700 1540 effuso,
722 1478 762 1520 on
782 1459 878 1541 suerit
904 1459 956 1519 Di·
1051 1465 1392 1531 NicolaanEONlCUS
1405 1465 1558 1526 7444444444
1570 1467 1693 1541 venetus,

225 1550 347 1612 vinitori
361 1552 498 1629 unitura)
516 1552 625 1624 edente
640 1557 738 1615 Marco
755 1555 886 1614 Antonio
902 1555 956 1614 Se·
1010 1559 1176 1639 discipulus
1198 1562 1338 1620 Demetrii
1361 1559 1623 1637 Chalcocondylae,
1641 1561 1696 1620 llar-

188 1653 191 1659 ’
228 1643 374 1722 raphiae,
394 1647 497 1705 Veuet.
521 1647 608 1708 4647.
629 1649 655 1706 4.
674 1645 893 1708 Tractatusod
914 1645 956 1707 to-
1011 1651 1169 1726 tholomaei
1191 1639 1351 1726 Thomaei,
1371 1651 1408 1712 de
1429 1669 1486 1731 quo
1506 1654 1697 1714 Pieriusiuio-

226 1753 276 1797 cos
291 1753 460 1798 4444444444
483 1739 744 1800 Courciouotorum.
767 1742 845 1802 Ulm.
863 1742 953 1802 4478.
1009 1746 1145 1808 felicibus
1163 1747 1321 1822 litteratis,
1338 1747 1446 1820 irater,
1464 1747 1545 1806 viret
1557 1748 1614 1823 ipse
1625 1762 1693 1823 egre·

225 1829 268 1890 Dc
285 1829 470 1892 inclinatione
485 1831 656 1913 [4444444444
673 1841 722 1894 444
1006 1840 1073 1917 gius
1093 1846 1184 1918 atque
1204 1839 1432 1918 elegantioribus
1453 1840 1578 1899 imbutus
1603 1838 1692 1896 litteris

263 1921 452 1990 *Vixcredo
474 1931 588 1986 tantam
611 1943 787 1998 sermonum
810 1928 947 1990 Monachi
1005 1933 1130 1993 eaodem
1154 1933 1184 1992 in
1205 1931 1360 1994 Aristotele
1382 1931 1552 1993 illustrando
1573 1931 1694 1991 444644444-

225 2013 315 2076 444444
344 2033 527 2078 excusorum
556 2022 770 2099 antiquitatem
800 2027 947 2100 quantam
1004 2043 1053 2087 am
1075 2042 1166 2104 quam
1187 2027 1371 2087 Leonioenus
1392 2009 1421 2084 iu
1452 2025 1557 2085 Galeuo
1587 2024 1692 2102 posuit,

225 2109 273 2170 hic
294 2109 442 2171 obtinent.
456 2112 543 2173 Nulla
561 2130 665 2175 eorum
680 2113 771 2174 editio
790 2116 946 2192 antiquior
1004 2118 1084 2180 uode
1106 2119 1217 2179 iactum
1242 2135 1361 2198 quoque
1382 2125 1416 2179 ut
1436 2120 1542 2196 scripta
1559 2117 1696 2192 utriusque

224 2202 295 2263 mihi
313 2207 449 2265 occurrit
470 2222 562 2282 quam
586 2208 698 2278 Veneta
717 2225 765 2269 an.
784 2207 874 2270 4473.
889 2209 949 2269 Nec
1003 2213 1115 2290 passim
1136 2211 1361 2272 contundantur
1380 2216 1410 2271 ct
1425 2227 1502 2288 quae
1519 2209 1627 2269 Leonici
1642 2211 1699 2267 suut

223 2297 358 2358 alteram*
382 2301 585 2378 antiquiorem
617 2308 836 2362 commemorat
862 2303 948 2362 44444-
1000 2305 1172 2365 4446444444
1195 2303 1376 2364 Leoniceno.
1397 2302 1475 2363 Obiit
1497 2303 1632 2361 Leonicus
1652 2299 1697 2358 llo.

222 2391 298 2450 taire
320 2391 350 2448 iu
368 2390 537 2452 Annalibus
554 2393 792 2472 Typographicis
805 2397 833 2454 in
848 2393 947 2456 lodice
1002 2398 1087 2459 4533.
1109 2399 1219 2457 aetatis
1240 2395 1288 2456 76.
1312 2397 1422 2457 Patavii
1438 2441 1446 2468 ‚
1465 2395 1513 2455 ubi
1535 2391 1694 2471 permultos

222 2483 256 2541 V.
280 2483 366 2542 Leon.
389 2481 425 2544 de
448 2484 544 2544 Utine.
737 2559 741 2562 ,
1000 2506 1096 2551 anuos
1116 2497 1147 2550 et
1168 2489 1386 2568 Philosophiam
1408 2488 1623 2566 Peripateticum
1644 2485 1694 2562 pri-

263 2573 663 2640 NicolouaLEONlGENUS
682 2581 873 2654 7444444444,
896 2599 948 2642 na·
1000 2601 1069 2646 mus
1089 2584 1199 2644 docuit.
1221 2585 1336 2661 Scripta
1358 2581 1422 2660 ejus
1455 2589 1503 2642 sut
1539 2575 1621 2638 44644
1649 2574 1697 2634 lll-

221 2678 272 2732 tus
292 2687 341 2730 au.
365 2671 452 2732 itus.
477 2671 617 2750 idemque
639 2675 791 2735 Penariae
813 2675 863 2735 ubi
882 2677 948 2736 Phi·
1005 2677 1114 2738 Variae
1134 2675 1276 2737 historiae
1298 2691 1373 2754 quos
1395 2675 1484 2736 rebus
1502 2669 1639 2750 jucundis
1653 2669 1698 2728 sci-
1772 2739 1773 2744 γ

222 2764 388 2842 losophium
405 2771 437 2824 et
454 2773 549 2826 artem
567 2766 710 2828 Medicam
726 2785 779 2847 per
792 2770 949 2848 sexaginta
1001 2777 1035 2832 tu
1058 2771 1183 2830 refertos
1204 2771 1476 2854 compositosquea
1491 2759 1698 2843 4444444446-
1772 2777 1773 2808 t

224 2859 358 2938 amplius
379 2873 476 2918 annos
496 2859 797 2922 docuitzdetuuclus
818 2879 948 2943 nonage-
1000 2862 1045 2923 dit
1064 2863 1188 2924 demum
1210 2852 1265 2922 444.
1299 2862 1386 2922 4534.
1415 2859 1500 2919 basil.
1532 2857 1557 2916 4.
1589 2867 1694 2914 recusos

225 2955 308 3013 uario
330 2951 424 3030 major
441 2969 490 3015 an.
510 2954 597 3014 4524.
617 2955 663 3014 vir
681 2958 780 3033 magni
802 2957 946 3036 spiritus,
1001 2955 1109 3017 deindo
1131 2955 1267 3034 Lugduni
1291 2957 1379 3015 4555.
1402 2953 1448 3014 th.
1472 2947 1582 3028 Diulopi
1595 2949 1626 3008 Χ.
1643 2962 1693 3005 mo·
1772 2987 1773 2998 .

223 3053 255 3106 et
270 3061 361 3124 quom
380 3047 511 3124 primum
529 3065 545 3106 4
565 3047 700 3108 barbarie
713 3051 741 3107 in
757 3056 822 3110 arte
835 3049 946 3111 Medica
1001 3068 1033 3111 re
1049 3048 1245 3124 Academico,
1260 3050 1349 3108 Paris.
1368 3038 1696 3120 instrangulant.
1772 3111 1773 3114 ¹

221 3135 370 3200 revixisse
392 3145 423 3198 et
445 3141 550 3218 nugari
574 3140 701 3202 desiisse
723 3143 765 3202 ait
791 3142 948 3204 lteinesius
1001 3149 1033 3206 et
1054 3142 1142 3205 lata.
1165 3143 1192 3201 8.
1216 3144 1242 3217 t)
1264 3139 1445 3221 Trophonius
1462 3140 1525 3197 siva
1542 3136 1575 3195 de
1593 3134 1696 3194 Divina·

223 3249 291 3311 pag.
307 3233 375 3292 623.
396 3233 463 3294 Var.
481 3234 549 3293 lect.
573 3235 625 3294 llic
643 3242 765 3313 nugatus
783 3232 841 3314 qu'a
861 3239 949 3296 ratio·
1002 3241 1092 3300 tione.
1115 3237 1146 3313 2)
1162 3231 1307 3310 Bembnr,
1328 3233 1365 3294 dn
1383 3235 1546 3294 animorum
1564 3231 1697 3289 immorta-

223 3343 281 3386 na.
296 3325 379 3386 nullo
394 3326 528 3386 ciborum
545 3327 645 3388 habito
657 3327 776 3389 delectu
790 3375 796 3404 ‚
810 3335 949 3390 senectu-
1001 3332 1086 3391 litate
1107 3331 1135 3406 34
1155 3326 1319 3388 4444444444
1336 3372 1344 3399 ‚
1365 3325 1402 3385 de
1425 3324 1520 3384 tribus
1549 3323 1695 3381 animorum

223 3417 948 3502 tisvitiaeluderet‘loiuiduminquit,ingenium
1003 3421 1159 3483 vehiculis.
1183 3421 1209 3496 l)
1234 3417 1468 3497 Peripateticus,
1494 3415 1530 3475 de
1560 3413 1695 3472 nominum

96 3539 101 3561 ι
218 3511 476 3589 perpetuandae
505 3512 692 3588 innocentio,
722 3511 846 3575 salubre
877 3532 948 3575 uero
1003 3517 1186 3577 inventione.
1208 3515 1235 3588 5)
1252 3515 1404 3585 sanutus,
1425 3512 1462 3572 dc
1492 3510 1572 3569 luctu
1597 3517 1696 3579 compe

222 3618 332 3682 corpus
359 3601 454 3663 444444
471 3603 659 3682 frugalitatis
676 3606 831 3684 pracsidio
858 3605 949 3688 focile
1003 3607 1115 3672 scendo
1146 3607 1174 3682 6)
1195 3605 1375 3677 8444444444,
1397 3603 1434 3663 64
1458 3602 1641 3663 relativorum
1657 3609 1697 3651 aa·

223 3701 353 3756 tuemur.
368 3695 569 3772 hphorismos
586 3699 771 3775 hippocratis
783 3744 791 3772 ,
804 3700 950 3777 pluraque
1004 3713 1081 3765 tura.
1100 3703 1127 3774 7)
1145 3697 1311 3772 senonen,
1326 3698 1363 3758 dc
1380 3697 1524 3777 precibus·
1539 3693 1565 3764 84
1581 3683 1696 3750 45404444

224 3787 333 3848 44444444
357 3789 461 3848 Latine
484 3791 576 3848 vertit
596 3797 627 3850 44
648 3793 865 3871 interpretatus
893 3801 949 3853 est.
1004 3796 1041 3857 de
1059 3802 1194 3856 aetatum
1217 3789 1362 3852 moribus.
1379 3793 1408 3866 9)
1417 3785 1596 3850 ’4444444444
1608 3783 1643 3842 64
1656 3777 1696 3839 ali·

223 3884 350 3962 Scripsit
366 3888 486 3961 praeter
499 3883 657 3962 elegantes
670 3882 840 3964 Epinoion,
858 3887 948 3947 etiam
969 3871 970 3874 ¹
1003 3907 1038 3952 ca
1059 3889 1148 3950 tritici
1166 3877 1280 3965 genere
1296 3892 1328 3945 et
1344 3884 1445 3945 cibarii
1461 3881 1644 3942 coniectione.
1659 3870 1694 3940 ttl

222 3976 260 4037 de
274 3977 360 4037 Plinii
376 3983 408 4038 et
422 3977 547 4040 aliorum
563 3977 744 4040 Medicorum
758 3981 787 4037 in
806 3979 950 4041 lledieina
1005 3985 1139 4046 sanutus
1168 3980 1206 4041 de
1238 3977 1308 4040 ludo
1344 3977 1445 4038 talario
1485 3973 1531 4035 ubi
1568 3965 1694 4048 quaedam

225 4068 951 4148 erroribus,aliaquoquaeahindenio,lllerldi·
1004 4084 1107 4138 contra
1142 4073 1274 4146 Gazam,
1308 4067 1476 4131 Aristotelis
1512 4066 1694 4140 interpretem·

226 4180 264 4224 no
285 4170 317 4223 et
336 4165 474 4241 Maugeto
495 4166 525 4223 in
548 4165 739 4226 bibliothecis
759 4165 882 4226 Medicis
905 4182 951 4225 re·
1004 4171 1134 4230 liu-stant
1155 4173 1186 4228 et
1206 4165 1341 4243 dialogus
1364 4160 1536 4223 undecimus
1552 4155 1587 4216 dc
1602 4153 1695 4213 444444

225 4265 403 4318 censentur.
419 4257 573 4320 Videndus
590 4276 678 4336 porro
695 4264 814 4337 praeter
831 4260 950 4320 lovium
1004 4281 1071 4324 rum
1093 4262 1244 4335 esseutia3
1266 4265 1297 4319 et
1317 4256 1354 4318 de
1387 4255 1536 4315 intellectu
1566 4243 1692 4326 quaestio

227 4349 377 4428 losephus
400 4351 534 4428 Scaliger
553 4352 650 4429 Epist.
675 4353 721 4412 l9.
744 4351 899 4412 Gesnerus
921 4353 950 4410 iu
1005 4373 1060 4417 nes
1081 4362 1112 4416 et
1135 4354 1281 4416 naturalia
1304 4357 1396 4428 atque
1428 4347 1565 4409 amatoria
1595 4333 1692 4419 pnite

223 4441 406 4504 Bibliotheca
428 4448 458 4503 et
479 4445 540 4504 Nic.
563 4445 750 4508 Commodus
772 4445 950 4523 Papadopoli
1007 4456 1095 4510 mata.
1118 4447 1210 4520 Quae.
1234 4463 1319 4525 porro
1341 4443 1388 4503 hic
1410 4441 1551 4502 Leonicus
1571 4437 1692 4527 iuterpre

226 4533 254 4590 io
273 4536 520 4615 llist.Gymnasii
540 4540 674 4599 Patavini
693 4546 715 4599 t.
733 4538 951 4617 npas7seq.
1006 4549 1088 4604 tatus
1111 4547 1159 4601 est
1191 4533 1380 4612 4444444444,
1411 4531 1524 4606 Procli,
1559 4516 1691 4590 lliicltncln

1045 4741 1072 4804 b)
1088 4737 1150 4792 'vide
1169 4739 1282 4790 vossium
1302 4749 1360 4802 pag.
1375 4736 1430 4784 677.
1447 4734 1477 4783 de
1493 4733 1552 4780 nisi,
1566 4731 1612 4778 444,
1627 4725 1648 4769 4,
1671 4717 1692 4763 (l.

265 4811 291 4873 a)
313 4813 486 4865 commem
504 4821 599 4879 “gum
618 4825 665 4873 Μ’·
684 4819 753 4872 ¹4⁰3·
1000 4823 1080 4884 strar.
1103 4817 1168 4868 44464.
1184 4816 1289 4877 antiqua
1306 4819 1366 4863 tom.
1385 4811 1395 4860 l
1414 4821 1469 4873 pag.
1487 4805 1537 4854 407.
