3562 5580
668 63 991 168 asscensus
1533 115 1573 174 44
1697 131 1700 136 ·

13 291 14 298 ¹
89 213 233 282 4444444444
253 210 341 274 sais
363 216 437 272 tom.
457 211 702 274 Vll.Coloniensi
722 218 794 274 tom.
846 209 1574 293 pminomont,·simstanobisrelictasunt.liber

86 302 129 368 ii
147 311 178 368 ct
196 312 266 372 tem.
298 301 457 366 undecimo
488 301 700 381 Lugdunensis
728 321 796 383 pro·
849 299 1035 366 decursibus
1049 301 1268 366 Ecclesiasticrs
1283 305 1370 366 hodie
1387 305 1575 370 desideratur

89 389 229 476 distaret
249 415 328 477 quae
345 398 506 475 4444444444
523 396 621 458 lucem
641 397 794 462 viderunt
850 401 934 460 Siciu
944 399 1034 462 etiam
1043 393 1197 481 praefatio
1212 394 1295 474 libri,
1305 395 1439 479 liberque
1446 399 1577 480 quamde

89 491 231 556 llmrici'sci
243 508 316 552 vero
331 489 368 552 de
385 489 495 569 Campa
512 489 792 576 animadversiones
847 488 1577 571 sarisasidonioApollinarioonposiiisscrmit

87 588 201 648 44444444
221 587 250 646 in
272 589 360 644 notas
380 589 412 642 et
441 582 656 660 praelationem
678 583 794 646 uberlo-
848 603 881 646 se
893 583 1094 662 coniunxisse
1109 583 1159 643 lib.
1175 585 1203 646 2.
1221 583 1367 663 histcap.
1380 585 1429 648 444.
1444 604 1511 666 pag.
1528 585 1576 654 73.

87 695 141 740 rem
168 685 259 756 atque
290 675 440 766 eruditam
471 677 629 751 lluinarti,
662 689 792 754 quarum
849 677 935 751 Quod
956 693 1028 739 vero
1055 675 1240 740 walafridus
1265 678 1391 740 Strabus
1417 679 1455 738 de
1486 681 1577 742 rebus

13 807 15 858 i
87 773 210 834 meminit
239 770 369 832 lacobus
403 769 522 848 Longus
548 769 578 828 in
613 769 794 832 Bibliotheca
849 771 1071 833 licclesiasticis
1095 785 1164 847 sap.
1188 771 1237 832 is.
1261 771 1364 832 scribit
1381 772 1578 832 Psalmosse-

13 909 14 942 1
85 867 288 926 ilistorioorum
308 863 421 926 Galliae
443 877 525 924 num.
542 864 631 926 tiss.
654 863 793 926 necdum
848 862 1358 942 cundumemendatiooem,quam
1378 866 1605 941 Hieronymus.

13 979 15 990 ’
82 961 154 1038 typis
173 959 343 1036 4444444444
363 962 447 1018 4444.
546 967 547 972 ’
696 999 701 1005 -
786 977 806 1031 g
850 956 988 1035 paterde
1003 958 1093 1018 Lxx.
1113 955 1244 1018 editione
1269 960 1448 1036 composuit,
1466 976 1484 1020 a
1505 959 1578 1020 Gre-

13 1521 21 1772 l

117 1055 178 1131 lpse
193 1054 223 1112 in
245 1057 382 1114 44444444
399 1051 495 1112 ultimi
518 1050 709 1114 historiarum
728 1051 794 1113 libri
849 1051 930 1128 gorio
945 1051 1118 1112 Turonensi
1130 1051 1280 1128 Episcopo
1293 1068 1310 1110 e
1323 1051 1458 1129 pertibus
1472 1054 1578 1115 Rome-

83 1146 232 1224 Grsgorius
248 1142 356 1218 decem
370 1145 475 1222 inquit,
489 1141 582 1205 libros
596 1142 795 1206 historiarum
851 1144 898 1204 nis
916 1149 1088 1206 mutuatam
1106 1144 1134 1202 in
1149 1143 1312 1204 Galliarum
1330 1145 1482 1206 Ecclesiae
1496 1153 1578 1208 tran·
1616 1195 1621 1202 .

81 1243 175 1317 444444
185 1235 415 1310 4444444444,
426 1253 520 1316 unum
533 1235 569 1298 de
585 1236 794 1300 VitssPotruns
850 1235 943 1296 slatoe
958 1235 1070 1312 luisse,
1089 1234 1161 1297 illud
1180 1236 1279 1314 potius
1293 1243 1361 1315 post
1379 1237 1513 1317 Gregorii
1526 1239 1578 1322 def

81 1330 192 1410 missi:
205 1329 392 1396 inl’salters'i
401 1334 565 1393 recusem
577 1328 688 1392 librum
701 1345 795 1394 444444
850 1344 933 1389 mum
951 1334 1086 1405 tempora
1109 1328 1221 1388 lectum
1235 1327 1371 1408 disputat
1391 1329 1578 1393 llabillonins

81 1427 280 1498 masmentctsss
299 1439 386 1486 sum:
407 1421 444 1484 de
460 1419 613 1490 cursibus¹
628 1423 717 1492 elsam
738 1425 796 1486 lic-
849 1418 1056 1510 disquisitione
1074 1419 1113 1481 de
1137 1437 1231 1482 cursa
1249 1421 1491 1503 Gallicanopag.
1509 1425 1577 1498 396.

80 1514 354 1578 emmeranensi
373 1514 485 1582 riona
501 1515 628 1578 coitdidi.
653 1517 688 1578 ln
715 1519 793 1580 Libri
849 1515 934 1575 Vitae
952 1514 1132 1574 8444444444
1150 1520 1252 1574 autem
1270 1511 1383 1592 illidii,
1406 1518 1577 1594 Quintiani,

80 1609 110 1668 de
122 1609 212 1688 gloria
229 1611 437 1672 molossorum
449 1607 586 1680 exordio,
600 1611 651 1688 qui
667 1612 795 1678 miraeu—
850 1602 1013 1681 Abrabae,
1033 1606 1146 1668 Nicetii
1155 1654 1164 1682 ,
1183 1619 1208 1682 a)
1236 1607 1379 1686 44444444,
1405 1610 1578 1692 Coiuppae,

81 1698 793 1781 444444444444444444444,4444444444444444
849 1697 982 1780 Senacls,
1007 1699 1142 1761 Patrocli
1170 1709 1202 1762 et
1229 1705 1356 1764 Sanctae
1374 1704 1579 1784 monegundis

79 1795 209 1856 librorum
234 1795 370 1856 ordinem
394 1801 425 1856 et
450 1803 662 1872 argumentum
681 1796 797 1860 diserte
848 1809 924 1870 quas
941 1795 1056 1872 passim
1077 1811 1094 1854 a
1112 1811 1145 1854 se
1162 1795 1290 1874 scriptas
1304 1795 1466 1874 Gregorius
1486 1799 1579 1878 signi-

80 1889 249 1966 bisexpnnit
263 1887 365 1948 verbis
378 1907 384 1946 :
399 1887 436 1948 in
447 1889 542 1964 primo
557 1885 653 1948 libello
665 1887 794 1951 inserui·
845 1879 940 1958 licat,
961 1903 1021 1952 uon
1040 1894 1113 1948 suni
1130 1887 1295 1965 deperditis
1312 1889 1379 1964 eius
1399 1888 1578 1950 lucubratio

79 1997 134 2042 ass
147 1979 255 2062 oisipso
267 1979 303 2040 de
320 1978 479 2041 cenaculis
492 1980 614 2050 Domini
624 1995 661 2042 ac
678 1989 800 2046 sanctos
850 1979 939 2040 nibus
956 1979 1162 2040 accensendas
1178 2025 1187 2054 ,
1206 1982 1284 2040 sicut
1299 1997 1353 2040 nec
1369 1979 1508 2042 Medordi
1521 1984 1578 2044 No·

77 2070 613 2155 mimnermonisque
622 2074 793 2155 Martyrum
847 2071 1257 2152 viamensisquidem,quam
1272 2073 1576 2136 solamssesstarerion

80 2169 108 2228 44
121 2167 254 2230 wando
272 2165 432 2246 posuimus
448 2165 484 2227 rie
504 2164 668 2228 virtutibus
691 2171 721 2230 S.
739 2171 794 2230 iu-
850 2165 1032 2226 memincrat
1049 2166 1178 2226 44444444
1197 2165 1311 2245 pagii
1337 2169 1461 2238 44444444
1486 2167 1523 2228 44
1543 2170 1577 2230 Ε.

79 2259 143 2320 doni
164 2257 326 2340 Martyris.
354 2261 494 2332 Quatuor
516 2276 588 2321 vero
615 2255 730 2324 libellos
757 2263 793 2325 de
850 2259 882 2320 S.
900 2275 970 2318 nam
988 2255 1080 2334 bajus
1100 2275 1220 2336 quoquo
1237 2261 1339 2338 capite
1362 2261 1496 2322 sb'sicut
1511 2271 1593 2322 cae·

13 2371 15 2398 i
78 2352 261 2416 uirtutibusS
279 2351 414 2416 Martini.
426 2353 596 2432 Septimum
614 2354 794 2434 4444444444-
848 2360 981 2414 terarum
995 2352 1279 2432 omniumelagium
1297 2354 1326 2411 in
1348 2353 1421 2413 libro
1436 2353 1578 2434 degloria

78 2443 365 2526 damllets'piosorum
375 2446 447 2508 4444.
462 2447 612 2508 Octavum
626 2445 704 2508 bunc
718 2450 794 2510 scri-
851 2443 1068 2506 Conlessorum
1081 2447 1287 2522 Martycunive
1305 2447 1489 2522 velPatrum
1508 2448 1579 2528 legi-

78 2535 160 2602 bs'rnss
175 2538 215 2602 clo
231 2537 391 2600 sacrocolis
410 2535 630 2618 Cosssessorumc
648 2543 792 2603 blemnes-
858 2545 928 2612 tur,
944 2536 1085 2615 idemque
1106 2540 1240 2622 respicit,
1256 2541 1430 2618 Gregorium
1460 2539 1578 2600 histori-

77 2630 236 2694 bilisetiam
253 2637 302 2694 est
317 2648 409 2710 quami
426 2633 456 2690 in
481 2631 540 2692 fine
564 2632 630 2692 libri
657 2631 694 2694 x:
719 2633 790 2694 bist.
840 2630 925 2692 'cuni
956 2629 1085 2692 laudans
1113 2625 1218 2692 auctor
1247 2633 1327 2692 vitae
1345 2633 1384 2714 S·
1402 2632 1532 2694 Medardi
1547 2637 1577 2693 in

76 2728 328 2804 postscriptorum
345 2741 469 2786 suorum
488 2725 593 2802 titulos
620 2729 793 2804 appositos,
848 2724 934 2786 Actis
947 2725 1086 2786 Sanctus.
1107 2731 1179 2786 tain.
1198 2725 1226 2786 2.
1241 2727 1321 2787 lunii
1336 2726 1364 2784 8.
1383 2742 1448 2804 pag.
1466 2727 1514 2787 85.
1532 2729 1577 2786 Li-

76 2817 164 2895 addit,
182 2819 356 2880 obtestatio.
379 2818 405 2895 a)
439 2820 519 2894 Quos
533 2814 625 2880 libros
642 2817 711 2882 iicet
727 2819 794 2882 stilo
848 2817 961 2880 bellum
979 2814 1169 2897 depressione
1184 2815 1303 2877 Domini
1319 2817 1347 2886 44
1371 2818 1512 2894 Gregorio
1526 2821 1578 2888 tri-¹
1650 2883 1653 2890 ,

77 2912 227 2974 rusticiore
256 2911 487 2991 coisscrspssrim
500 2957 519 2986 ,.
538 2916 636 2974 444444
670 2913 794 2994 conjuro
848 2909 960 2972 buendi
979 2925 1085 2971 ansam
1104 2909 1214 2970 dedere
1239 2909 1314 2970 baec
1327 2908 1395 2986 ejus
1413 2910 1504 2970 verba
1525 2911 1574 2972 lib.

78 3021 163 3070 444444
181 3003 356 3068 suadens
372 3003 509 3080 Domini,
525 3021 578 3084 qus
593 3011 665 3086 posi
679 3021 725 3068 me
741 3005 796 3068 144-
852 3006 880 3064 4.
899 3005 1045 3066 Historiae
1061 3001 1412 3082 erpeiamcurtem
1430 3000 1472 3063 od
1495 3001 1576 3064 Tibe-

77 3094 182 3174 nilsns,
197 3094 367 3158 Ecclesiam
387 3095 564 3158 4444444444
580 3103 653 3162 suist
668 3100 794 3170 recturi,
852 3114 934 3158 rium
953 3096 1117 3160 Cocanicus
1140 3095 1247 3171 mittit,
1266 3103 1296 3158 et
1309 3096 1338 3157 ei
1355 3102 1417 3158 toni
1432 3093 1468 3158 de
1481 3096 1576 3158 virtu

75 3189 294 3266 prodessen
311 3189 429 3250 44444444·
442 3191 540 3252 matri
555 3190 639 3252 Jic'su
654 3190 778 3253 Ctiristi
787 3235 794 3264 ,
850 3187 929 3252 tibus
949 3188 1091 3264 CHristi,
1101 3188 1198 3268 'quum
1209 3187 1395 3271 de'passione
1410 3188 1462 3252 cel
1472 3206 1577 3251 resur-

76 3299 106 3342 oe
120 3280 287 3346 terribilem
303 3282 366 3350 reis
386 3273 524 3344 omnibus
541 3281 654 3348 iudicii
666 3283 753 3354 444444.
768 3283 797 3344 si
847 3281 979 3344 rectione
996 3281 1062 3362 ejus
1079 3279 1219 3343 iissinuat.
1238 3285 1416 3361 stoepesto
1431 3281 1577 3366 apudnos
1636 3281 1638 3286 ’

77 3391 220 3456 uinquam
244 3374 374 3457 confusi
385 3375 421 3436 cle
438 3375 500 3458 4444
511 3375 627 3454 judicii
644 3375 793 3448 4444444444
846 3373 931 3436 ioca
946 3374 1115 3436 retinentur
1130 3373 1253 3454 scripto.

78 3476 112 3531 les
123 3487 191 3530 curn
206 3465 329 3530 Diaboio
344 3467 559 3530 comminius·
571 3467 656 3544 estis,
671 3475 708 3530 ut
719 3486 794 3530 uuis·
888 3469 974 3540 Quae
987 3469 1077 3547 igitur
1092 3469 1121 3528 in
1135 3470 1270 3530 lluinerti
1285 3467 1576 3548 leguntureditione,

79 3559 270 3638 quonlibras
295 3560 348 3624 bos
375 3558 495 3622 4444444
517 3559 730 3642 submisimus
745 3579 794 3622 re·
848 3561 922 3623 haec
939 3557 1032 3622 sunt:
1675 3633 1676 3637 Ἰ

78 3653 183 3731 scribi,
206 3654 297 3736 quasi
325 3653 474 3734 quaedam
501 3654 793 3733 praetermittentes:
889 3657 917 3718 4.
937 3653 1092 3716 Historiae
1106 3653 1335 3718 Ecclesiasticus
1349 3656 1375 3732 ol
1386 3656 1593 3716 Francorum

79 3746 174 3808 solita
189 3747 290 3810 omnio
305 3745 459 3810 reducum
483 3745 600 3826 irrepis
620 3745 808 3828 illibataque
848 3748 886 3808 ab
901 3749 1125 3826 antiquissimis
1143 3749 1328 3828 temporibus
1345 3747 1495 3828 usquead
1513 3748 1574 3810 An-

118 3889 141 3947 44
158 3891 283 3942 similium
296 3865 486 3954 adjurationum
499 3889 612 3953 44444444
625 3891 706 3940 mults
722 3891 797 3940 attuli
853 3859 926 3904 num
955 3834 1074 3906 omisa
1102 3842 1170 3902 892·
1189 3842 1217 3938 d).
1243 3840 1317 3904 libri
1337 3842 1438 3904 dmm
1463 3861 1530 3923 9³3·
1549 3847 1575 3905 ⁴·

77 3963 116 4014 444
127 3969 154 4016 l.
167 3964 365 4016 tibiurensi.
379 3971 437 4026 pag.
447 3963 488 4015 74.
504 3975 558 4026 seg.
570 3964 666 4027 qntbus
677 3965 729 4015 sllo
747 3965 799 4014 tos·

13 4095 14 4106 ,
79 4043 262 4102 444444444444
277 4039 364 4089 444144
377 4037 463 4088 iicebit
480 4039 626 4105 adjungere,
643 4045 742 4100 practer
755 4037 798 4088 ills
889 4035 915 4096 4)
932 4035 1005 4098 Apud
1023 4036 1228 4086 simmsribsnos
1243 4042 1305 4086 toni.
1324 4035 1346 4090 4.
1364 4037 1462 4088 4414444
1474 4036 1579 4088 christi·

78 4114 233 4176 4444444444
248 4112 317 4176 lsrgs
335 4118 412 4176 stqss
427 4113 527 4164 44444444
543 4125 621 4162 44444
636 4111 800 4164 4444444444-
843 4125 907 4162 4444
933 4123 992 4174 pag.
1017 4109 1075 4160 744.
1097 4121 1144 4171 pro
1164 4111 1191 4160 S.
1221 4108 1331 4162 Nicolni
1353 4113 1421 4171 slis,
1448 4111 1581 4173 4444444444

78 4183 195 4244 misimus
214 4185 436 4238 dissertationibus
456 4189 504 4238 4444
528 4187 798 4238 (444444444441444444
852 4185 966 4238 ll'icotil.
1511 4191 1513 4198 ’

76 4258 206 4319 4444444444,
219 4265 293 4312 losa.
306 4263 437 4312 4444444444
447 4261 617 4322 eanbaldum
628 4265 720 4324 team.
736 4264 798 4314 444-
889 4259 916 4324 4)
939 4259 1127 4310 vldeltulnsrtl
1145 4257 1222 4318 44444.
1233 4259 1248 4321 s
1260 4256 1300 4308 744.
1310 4265 1350 4310 ec'.
1362 4272 1427 4325 quae
1444 4259 1475 4310 de
1490 4261 1581 4312 Gestis

78 4327 136 4382 ish.
148 4335 334 4386 slmbmslarus
347 4343 373 4386 et
386 4335 487 4388 44444444
500 4338 624 4388 4444444444
634 4339 795 4399 4444444444
848 4335 942 4387 Pilati
952 4336 1039 4384 444444
1054 4333 1183 4385 incndite
1194 4335 1342 4398 4444444444
1354 4339 1578 4390 instimularent.

77 4408 217 4460 4444444444
236 4413 349 4473 44444444
367 4413 517 4473 tiregorium
534 4413 674 4462 lmmsiussa
692 4423 746 4462 4444
763 4411 796 4464 44
892 4411 918 4472 4)
937 4407 1576 4475 lnprologoGregoriusprotitcturseicrlpturum

77 4481 159 4544 islaris
178 4497 300 4534 manuum
312 4485 446 4548 ,equibus
457 4485 507 4536 4444
521 4485 795 4545 rolebstcssere,ln·
840 4483 914 4533 bello
926 4485 1027 4546 4444444
1046 4497 1105 4532 cum
1126 4481 1255 4534 Gentibus
1272 4485 1404 4546 aduersis,
1422 4487 1574 4549 Martyrum

83 4561 274 4619 inpolsiriclnin
298 4563 543 4624 iruncstrlolumqse
567 4559 639 4610 docel
654 4561 792 4610 4444444444
832 4569 906 4608 vcisia
919 4558 1050 4620 poponis,
1063 4557 1247 4607 Ecclesieruin
1260 4571 1318 4606 essm
1331 4557 1468 4610 4444444444.

80 4633 172 4690 4444444.
182 4637 369 4686 almitas
383 4636 493 4687 4444444.
505 4639 614 4687 aermon
624 4633 795 4684 4444444444
892 4633 919 4689 cl
936 4634 1072 4694 Gregorlsm
1087 4635 1218 4694 eomputst
1235 4637 1335 4683 anunm
1352 4633 1436 4686 444444
1456 4632 1527 4684 till.
1543 4645 1574 4684 ec

81 4703 202 4758 4444444444
210 4709 448 4764 44444444444444444
458 4711 579 4764 Gallicum
590 4708 793 4772 corruptoribus,
842 4719 856 4754 4
867 4709 1052 4756 resurrectione
1063 4707 1156 4756 Glirlstl
1168 4706 1225 4756 580.
1233 4709 1292 4760 vide
1301 4711 1418 4761 44444444
1429 4709 1568 4761 editionem
1587 4735 1591 4742 ·

79 4781 150 4830 turis.
164 4781 231 4836 ills.
249 4787 273 4836 8.
286 4799 342 4850 pag.
355 4787 380 4836 4.
839 4793 894 4841 pag.
913 4777 982 4828 44444.

1309 4887 1347 4945 si
