3562 5582
267 74 326 136 Bbb
872 76 1092 139 HENBlC
1109 75 1167 140 U'S

304 181 346 240 De
356 179 492 242 moribus
506 181 607 242 ctoita
623 180 842 244 Canonicorum
856 181 981 261 Bepula-
1083 181 1188 246 liubin
1200 185 1236 246 cle
1243 186 1359 267 jejunio
1376 189 1581 256 Ecclesiastico.

262 275 352 335 rium.
369 277 429 336 tls.
448 277 478 335 in
493 275 568 336 Bibt.
586 275 674 337 Basil.
1079 279 1124 339 Be
1141 277 1254 361 officiis,
1269 278 1340 344 locis
1357 288 1387 344 et
1396 286 1669 366 personisadsacro
1681 297 1721 359 ts-

301 370 344 430 Bc
360 369 425 431 uita
439 368 600 450 Belipiosa.
842 369 852 378 ’
1036 371 1164 453 putatos.
1348 389 1350 398 ·

301 462 435 545 Epistola
452 461 601 524 invectiva
614 469 724 523 contra
741 463 874 525 aemulos
890 463 981 527 Cleri.
1079 463 1126 526 De
1139 463 1275 528 cauta
1289 467 1537 535 sacerdotalibus.
1562 477 1644 557 lncip.
1671 479 1724 542 Tibi

261 557 319 618 ltlS.
337 560 365 617 in
382 556 457 619 Bihl.
475 558 666 635 August-ana.
1038 556 1115 618 dabo
1135 558 1235 621 claues
1260 577 1345 640 rmus
1373 562 1526 626 coetuum
1551 570 1604 631 ΜΞ
1622 573 1648 630 in
1663 575 1722 636 Bibl.

300 650 526 730 Detruditconc
545 649 761 732 sacerdotum,
779 651 847 714 ibid.
1043 653 1200 714 Caesarea.
1302 699 1306 708 ,

299 745 342 806 De
355 744 461 807 Mundi
477 749 633 806 contemtu.
652 744 721 804 ibid.
1079 747 1182 822 (treme
1198 745 1543 829 DllllS'pcrmittatsuos
1556 753 1652 818 cacus
1662 757 1725 819 mul-

302 841 430 901 Lectura
447 857 541 919 super
554 837 678 920 prolopo
695 831 870 900 Bibliorum.
889 840 981 920 lncip.
1035 837 1179 918 *mpliciter
1193 840 1226 901 in
1241 839 1295 902 boc
1310 841 1418 903 uanao
1425 842 1573 908 tribulare.
1586 850 1670 929 lncip.
1682 852 1725 912 lu·

259 937 307 996 lta
319 931 466 996 scribitur
482 931 624 1013 incapite
642 937 741 993 totius.
1036 939 1103 996 stus
1118 932 1237 1014 quidem
1261 941 1295 996 tu
1311 952 1342 996 cs
1359 936 1489 998 Domine.
1505 941 1628 1006 Omnino
1641 943 1726 1004 diver-

299 1028 459 1091 Tractotus
471 1025 506 1086 dc
518 1022 611 1086 Verbo
622 1026 654 1086 in
664 1025 790 1088 Divinis.
804 1026 896 1107 lncip.
912 1027 980 1108 quis
1035 1041 1106 1087 sum
1124 1033 1173 1087 cst
1189 1026 1245 1088 hoc
1259 1027 1434 1108 scriptume
1450 1031 1614 1114 soliloquio,
1630 1035 1665 1097 do
1676 1054 1725 1114 qno

259 1121 335 1182 mihi
349 1121 398 1182 clet
416 1118 553 1180 Verbum.
1034 1135 1143 1198 supra,
1158 1127 1189 1180 et
1205 1121 1285 1199 quod
1302 1123 1423 1203 incipit:
1444 1123 1550 1187 Anima
1575 1128 1725 1204 mca,nooi

299 1217 435 1287 Quatuor
460 1214 613 1274 volumine
641 1215 755 1301 prolixa
786 1214 818 1274 in
849 1219 980 1295 quatuor
1033 1212 1112 1293 quod
1136 1214 1256 1276 curiosa
1285 1231 1325 1276 cs.
1355 1217 1520 1280 Nescisse
1547 1220 1678 1286 diversus
1695 1225 1726 1283 sit

257 1309 361 1391 prima
378 1309 522 1370 Geneseos
534 1307 652 1386 Capita,
665 1309 775 1388 quibus
792 1299 978 1388 explicandis
1032 1310 1123 1368 etiam
1136 1307 1625 1392 tractatusBeaobilituleanimae,
1636 1318 1681 1394 qui
1691 1323 1726 1376 ts

260 1403 372 1464 multos
388 1419 483 1462 annos
501 1401 684 1481 impendisse
699 1401 828 1464 traditur
844 1403 889 1464 ab
899 1404 979 1463 Heu·
1033 1408 1080 1461 ete
1094 1403 1126 1462 B.
1144 1398 1273 1463 Antonio
1289 1405 1630 1483 nuncupassemus
1650 1411 1727 1470 estio

259 1501 320 1557 rico
331 1497 509 1558 Pantaleone
521 1497 551 1555 iu
564 1497 824 1576 prosopographia.
840 1497 976 1576 aliisque.
1032 1493 1216 1556 Bibliotheca
1237 1493 1428 1578 Augustam,
1444 1515 1504 1560 uua
1517 1515 1586 1562 cum
1600 1500 1662 1578 ejus
1677 1517 1727 1562 eer-

152 1593 155 1598 “
300 1594 459 1652 Tractatus
484 1588 520 1650 cle
545 1587 644 1651 decem
663 1590 854 1670 praeceptis,
882 1608 978 1668 quan·
1032 1604 1122 1649 mone
1137 1587 1174 1649 de
1190 1587 1385 1652 Adscensrbne
1405 1591 1531 1671 Domini,
1548 1599 1579 1653 et
1596 1592 1728 1670 witin

260 1703 351 1764 quam
368 1686 416 1746 alii
435 1683 561 1748 Codices
579 1684 659 1746 hunc
677 1685 793 1746 tribnat
810 1685 977 1748 BBNBIGO
1031 1677 1139 1742 nibus:
1153 1687 1256 1743 utrum
1273 1681 1378 1748 Boas
1396 1683 1437 1746 sit
1453 1683 1485 1744 in
1507 1685 1607 1766 aliano
1620 1703 1725 1765 perure:

261 1779 298 1840 cle
316 1777 479 1840 Vrimaria.
910 1811 912 1814 -
1032 1774 1114 1836 Num
1131 1775 1163 1836 la
1188 1777 1271 1838 DBO
1294 1775 1335 1840 sit
1356 1776 1432 1839 idem
1453 1779 1591 1841 Esseutia
1618 1784 1645 1840 et
1658 1779 1728 1840 Bsse.

230 1873 233 1882 “
300 1873 541 1936 Commentarius
560 1871 590 1931 in
605 1869 764 1934 Canticum
776 1869 979 1936 animorum.
1036 1869 1142 1929 Utrum
1161 1887 1178 1930 e
1197 1872 1296 1932 Sacra
1318 1870 1479 1952 Scriptura
1498 1875 1556 1934 Vct.
1580 1874 1729 1934 Testuma

299 1963 500 2040 Auctorilalcs
512 1966 628 2027 Sacrae
638 1963 819 2046 Tbcolopiae,
831 1965 980 2052 sivc'Tra-
1033 1960 1193 2023 mamm
1219 1960 1354 2026 sensibus
1369 1963 1408 2026 sit
1433 1970 1566 2042 cutum,
1586 1965 1730 2029 Cllristnm

258 2067 373 2135 ctatus,
391 2060 536 2120 scientiae
550 2061 678 2120 Divinae
693 2060 977 2122 commendatarius.
1034 2053 1158 2117 amisse.
1176 2058 1253 2118 Num
1268 2057 1379 2120 ludaei
1389 2056 1509 2122 medere
1523 2057 1729 2139 debeantprue
1778 2107 1779 2112 ,

299 2152 450 2232 Scriptum
468 2153 625 2232 super-ill.
647 2153 797 2229 luchiae,
814 2152 850 2215 dc
866 2151 980 2214 ultimis
1035 2146 1394 2231 dt'cationiApostolorum
1405 2151 1730 2234 secanamnroplaaas

259 2243 441 2326 temporibus
470 2243 724 2326 praecedentibus
754 2246 979 2308 Antichristus.
1035 2244 1146 2305 Venia
1170 2245 1362 2323 Testamenti,
1380 2246 1505 2326 aliisque
1519 2243 1730 2324 quaestionibus

257 2342 376 2402 histum
395 2341 424 2400 iu
445 2338 569 2400 Paulina
586 2339 771 2402 Bibliotheca
788 2343 945 2420 lipsiensi.
994 2412 998 2419 Ι
1032 2336 1425 2419 deeodemargumento‚et
1438 2338 1625 2420 dedr'pnitatc
1636 2341 1731 2420 Papae,

297 2437 457 2496 Tractatus
474 2431 510 2494 dc
535 2431 725 2495 instantibus.
743 2435 802 2498 MS.
820 2437 850 2495 in
873 2432 977 2496 ecdem
1031 2447 1087 2492 nec
1102 2447 1162 2491 non
1184 2431 1223 2492 de
1238 2431 1426 2494 AEtcmitote.

255 2528 390 2590 Paulina.
542 2609 544 2614 Ι
1032 2555 1033 2560 1
1074 2525 1233 2586 limat-m
1249 2524 1284 2586 de
1299 2527 1401 2606 poenis
1416 2525 1636 2590 damnatorum.

246 2635 250 2640 ·
297 2623 423 2684 Summa
450 2621 666 2700 Quaestionum
680 2621 711 2682 in
735 2629 864 2702 unatim
885 2617 977 2682 libros
1072 2617 1274 2680 Derectorium
1291 2637 1349 2700 pro
1378 2619 1526 2688 audienda
1551 2625 1730 2701 pccaotorum

255 2716 486 2780 Sententiarum.
514 2717 573 2778 ns,
596 2719 626 2776 in
653 2717 834 2779 Bibliotheca
856 2717 980 2779 Paulina
1036 2710 1244 2793 Confessione,
1263 2713 1378 2776 MStum
1394 2716 1424 2775 in
1447 2699 1629 2779 Bibliotheca
1644 2713 1732 2793 hogo-

254 2811 430 2889 Lipsiensis.
705 2805 708 2812 ’
950 2849 952 2852 -
1030 2813 1128 2870 stans.
1480 2839 1510 2879 ῃ

297 2905 539 2968 Commentarius
555 2921 586 2965 m
603 2909 747 2985 quartem
765 2903 884 2968 librum.
1068 2901 1115 2962 Dc
1132 2903 1293 2982 capnitionc
1305 2907 1435 2983 peccato,
1449 2918 1503 2964 seu
1520 2901 1556 2964 de
1583 2903 1731 2983 mpmtionc

295 2997 575 3079 concoquendum
595 2996 939 3077 Wiclefitomtrithem.
1028 2994 1080 3084 sui
1104 3001 1134 3056 et
1160 2995 1196 3058 dc
1219 3001 1329 3076 septem
1353 2995 1484 3075 pcccatis
1509 2995 1686 3077 capitalibus
1698 2994 1730 3055 ad

292 3089 509 3153 ltccrroribus
523 3098 554 3152 et
566 3089 702 3153 moribus
718 3091 971 3154 Christianorum.
1028 3091 1142 3150 Ducem
1156 3089 1324 3166 bibentum,
1339 3107 1431 3170 quem
1446 3091 1553 3152 librum
1566 3091 1732 3152 Germanice

253 3187 310 3248 MS.
333 3189 363 3248 in
382 3185 564 3248 Bibliotheca
586 3184 708 3262 Paulina
726 3187 894 3265 Lipsiensi,
912 3183 972 3248 sina
1026 3183 1064 3243 ab
1079 3183 1204 3246 chricc
1219 3185 1367 3262 scriptum
1384 3183 1521 3247 laudatos
1536 3186 1676 3261 Peziusp.
1688 3179 1734 3240 77.

252 3297 322 3341 cum
343 3281 409 3342 aliis
435 3277 563 3342 'aliorum
592 3280 629 3340 de
654 3277 760 3340 eodem
785 3287 971 3358 argumento.
1027 3281 1160 3338 annotat.
1175 3277 1353 3340 Lambccias
1376 3291 1446 3340 vero
1463 3285 1532 3338 tom.
1553 3281 1582 3353 B,
1599 3295 1662 3359 pag.
1678 3275 1733 3336 l'lb

250 3371 324 3432 Vide
342 3377 373 3434 B.
388 3374 494 3434 Belleri
509 3372 684 3450 catalogum
703 3389 770 3452 pag.
789 3373 857 3434 tto.
1026 3378 1129 3432 monet
1145 3371 1175 3430 ln
1190 3371 1371 3432 Bibliotheca
1388 3373 1529 3446 Caesareo
1554 3378 1672 3452 praeter
1687 3385 1732 3428 va-

292 3464 381 3526 Libcr
396 3467 447 3526 Ill.
466 3465 679 3542 Quaestionum
697 3464 733 3524 de
752 3465 894 3546 passchae
916 3468 972 3527 Bo·
1026 3465 1087 3524 rios
1115 3465 1272 3526 Sermones
1298 3481 1404 3526 sacros
1429 3465 1546 3526 Bearici
1570 3465 1610 3526 de
1636 3464 1733 3526 Bassia

251 3558 333 3644 mini.
350 3561 443 3638 lncip.
463 3560 564 3619 Primo
582 3557 757 3638 quaeritur,
770 3577 811 3618 an
823 3558 972 3622 Cllristus
1026 3560 1139 3619 servari
1155 3563 1317 3620 tractatum
1336 3557 1372 3618 cle
1387 3563 1495 3638 septem
1508 3557 1591 3620 vitiu
1608 3553 1730 3618 mauli-

252 3651 350 3714 trcbus
363 3651 413 3715 vel
427 3657 561 3736 quatuor
577 3650 673 3712 clavis
688 3653 784 3715 Cruci
794 3653 835 3714 sit
846 3653 971 3738 affirma.
1027 3649 1083 3712 bus
1100 3656 1129 3712 ct
1143 3649 1295 3732 aliquibus
1311 3649 1471 3713 uirtutibus
1487 3652 1516 3712 ei
1529 3651 1678 3733 oppositis.

294 3747 452 3807 Tractutos
469 3744 505 3806 rlc
533 3747 677 3807 Passieno
707 3745 838 3823 Homini,
852 3763 910 3828 per
926 3765 972 3810 sc·
1065 3747 1224 3807 Sermones
1240 3745 1263 3806 l.
1283 3746 1322 3806 ll.
1341 3747 1379 3808 ds
1395 3747 1605 3823 conceptione,
1624 3747 1671 3807 lll.
1688 3743 1726 3802 ti'.

244 3847 326 3920 plcm
343 3839 435 3901 boras
453 3839 630 3901 canonicas.
1025 3840 1062 3901 de
1074 3841 1274 3918 assumtione,
1289 3841 1375 3912 V.‚de
1388 3841 1547 3902 Nativitate
1557 3841 1594 3900 B.
1608 3837 1728 3918 Virginis

287 3929 446 4012 llmposltlo
462 3927 604 4010 Spmoott.
1023 3935 1072 3996 Vl.
1089 3934 1127 3994 de
1145 3931 1196 3994 SS.
1212 3935 1368 4008 Trinitate,
1390 3933 1451 3994 Vll.
1473 3933 1511 3992 de
1526 3934 1557 3994 S.
1575 3930 1726 4000 bernardo,

288 4025 483 4104 Quaestrbncs
499 4025 535 4087 cle
553 4023 739 4106 blasphemia
753 4025 785 4086 'et
796 4033 917 4108 peccato
939 4028 969 4088 ln
1023 4028 1100 4089 Vlll.
1117 4029 1147 4086 in
1171 4028 1269 4089 Coena
1286 4030 1417 4102 Bomim,
1436 4033 1466 4088 et
1483 4027 1533 4088 tx.
1551 4029 1582 4086 in
1602 4028 1652 4088 die
1667 4024 1726 4087 hot

249 4117 394 4198 Spiritum
410 4121 555 4182 Sanctum
1023 4139 1139 4184 marum
1155 4122 1236 4183 MSS.
1252 4121 1325 4182 Vide
1339 4123 1459 4182 Pezium
1476 4137 1539 4199 pag.
1559 4119 1612 4180 77.

288 4215 441 4274 Resolutio
469 4215 680 4285 Quaestionis:
698 4220 802 4276 utrum
819 4215 895 4275 mali
908 4216 968 4296 spi·
1063 4215 1187 4277 Humilia
1205 4213 1237 4274 in
1252 4212 1327 4274 illud
1356 4214 1453 4274 Lucae
1477 4215 1527 4274 Xl.
1544 4212 1596 4274 27.
1626 4214 1728 4275 Beatus

250 4303 328 4364 ritus
349 4307 410 4366 siut
427 4307 523 4386 mapi's
546 4305 667 4368 solliciti
681 4315 786 4370 contra
802 4309 965 4387 bombum,
1020 4315 1124 4371 acriter
1137 4307 1191 4389 qui
1206 4313 1233 4370 le
1244 4305 1386 4388 portauit,
1404 4313 1433 4368 ct
1446 4304 1541 4367 ubera
1555 4314 1640 4387 quac
1649 4303 1727 4368 sut

252 4407 345 4470 quam
367 4398 473 4476 lapeli
498 4399 568 4460 boni
599 4400 630 4460 in
654 4401 851 4463 contrarium.
872 4405 965 4482 lncip.
1019 4402 1066 4465 sti.
1084 4405 1166 4466 usca
1183 4406 1213 4464 in
1231 4402 1413 4464 Bibliotheca
1430 4401 1518 4478 Bcgie
1533 4402 1705 4461 Parisiensi.

250 4483 400 4570 Arquitur
420 4491 499 4570 quod
512 4495 565 4554 sic.
583 4493 689 4575 Anpeli
705 4513 763 4555 uon
779 4503 836 4556 etc.
856 4497 916 4558 MS.
934 4500 963 4557 in
1059 4495 1105 4556 De
1129 4495 1242 4557 Visionc
1263 4493 1392 4556 Diuinae
1407 4491 1574 4566 Essenlrbc,
1589 4501 1622 4553 et
1640 4491 1676 4552 de
1689 4507 1729 4550 sc·

250 4576 360 4638 Codice
380 4579 568 4663 Aspaccnsi,
587 4596 665 4650 teste
679 4591 769 4651 ‘Penio
786 4609 851 4672 pag.
870 4591 919 4652 78.
1015 4598 1096 4672 ptem
1115 4587 1251 4652 clavibus
1275 4588 1468 4669 scripturae,
1492 4592 1522 4646 et
1549 4583 1587 4646 de
1614 4583 1729 4648 Dr'oiais

290 4667 503 4733 Bctcrminotio
517 4683 706 4756 quarundam
718 4687 928 4760 anacstionum
939 4691 968 4747 ct
1020 4683 1187 4748 nominibus
1198 4692 1343 4746 memorat
1356 4681 1504 4744 sanderus
1517 4681 1544 4740 in
1554 4683 1642 4744 blSS.
1652 4681 1728 4759 Bclg.

252 4759 490 4841 Proposilionum
502 4769 963 4842 deSocrumcnloBiocbarlslrac.
1021 4787 1105 4859 porte
1119 4781 1147 4842 2.
1165 4797 1230 4859 pag.
1250 4777 1318 4840 472.
