3596 5610
906 99 921 157 4
936 101 960 160 Α
977 95 1004 158 44
1018 97 1043 158 44
1058 98 1078 157 S

245 106 329 274 mgr
351 209 470 272 Graeca
489 209 610 285 lingua,
632 205 722 267 libros
754 207 828 266 Navi
858 206 963 266 Testa·
995 217 1140 283 ‘pressere
1157 155 1200 266 aaa
1214 204 1340 269 Homeri
1355 206 1400 268 VI.
1415 205 1502 268 Iliad.
1517 193 1602 270 la'iino
1615 212 1713 272 carmi

242 307 346 382 menti,
367 300 537 365 Aristotelis
558 298 650 360 libros
672 300 708 362 Χ.
731 298 909 362 lithicorum
923 297 959 358 ed
1015 313 1052 358 ne
1072 296 1232 376 cmpressit
1255 297 1367 358 Deinde
1387 300 1477 360 Bruti
1501 306 1529 360 et
1556 300 1661 364 Galbae
1687 305 1716 364 io

242 397 464 468 Nicomachum,
486 399 518 454 et
539 397 658 470 septem
678 391 715 452 ad
738 391 911 456 Eudemum
929 390 963 450 li·
1018 388 1180 450 Pmmrolo
1199 389 1279 452 Vitas
1291 391 1398 452 latinas
1410 394 1556 454 Pannonio
1569 395 1712 474 interpreti

225 493 321 568 'bras
341 489 491 564 librosque
502 485 538 546 44.
557 501 735 563 magnorum
755 482 915 546 moralium
929 489 962 542 et
1016 483 1139 542 omnino
1155 482 1331 544 tribuendas
1345 497 1422 558 esse,
1437 482 1500 546 144.
1517 483 1715 548 8444444444

242 582 492 652 Praedieamenle,
514 583 546 638 et
566 576 722 656 Prophyrii
745 577 896 654 isagogen.
1013 571 1714 658 praeset.aoeoarteorloml>moooitpramirm

281 672 420 750 lllioqlai
437 672 472 732 V.
490 669 597 730 Pautil.
615 671 711 729 vitam
728 665 822 730 edidit
839 666 876 726 ol.
898 667 961 728 lllu·
1014 665 1186 744 affirmavit,
1203 667 1305 729 verbis
1322 667 1426 730 hisce«
1438 669 1516 748 qnod
1531 671 1623 748 ipsum
1635 671 1671 732 de
1685 673 1715 732 li·

241 768 370 828 raterius
390 767 421 824 in
439 769 511 824 tom.
524 762 575 822 444.
589 767 674 840 parte
689 762 717 822 2.
735 762 804 820 lier.
822 759 887 820 ltal.
908 759 961 838 qui
1005 757 1068 818 bro
1083 759 1218 820 Veronae
1231 775 1248 821 a
1260 777 1309 822 me
1322 763 1396 835 viso,
1412 769 1443 822 et
1458 778 1475 820 a
1492 762 1715 826 Guarinoemen·

240 860 466 938 oppignoratam
481 851 768 918 aL.lillatiaiidem
783 849 959 913 itademnm
1015 850 1104 924 dato,
1140 854 1230 912 testis
1249 852 1387 916 oculatus
1417 854 1575 917 confirmo:
1598 859 1664 933 quin
1687 863 1715 916 st

239 951 387 1012 liberavit.
405 949 541 1009 Psalmos
565 963 602 1006 ox
629 943 776 1008 Hebraico
793 946 886 1006 vertit
906 945 962 1004 La·
1016 941 1213 1022 Ctesiphontis
1233 944 1399 1008 versionem
1411 947 1449 1008 ab
1462 947 1563 1010 eodem
1577 950 1713 1010 Pannonio

241 1046 304 1105 tine
321 1057 381 1102 non
401 1039 523 1118 quidem
540 1039 655 1118 priores
668 1044 787 1098 tantum
812 1038 962 1114 quinqua·
1015 1035 1180 1114 proiectam
1193 1037 1286 1098 luisse
1302 1039 1353 1114 ait,
1371 1039 1400 1099 in
1418 1039 1520 1100 eadem
1538 1041 1714 1118 praefatione,

240 1139 333 1216 ginta,
352 1132 404 1194 sed
424 1138 522 1192 totum
549 1133 762 1210 integrumque
783 1130 960 1208 psalterium
1015 1130 1066 1207 qui
1092 1129 1171 1206 (scil.
1193 1127 1389 1208 sambucam)
1409 1147 1462 1210 pro
1482 1133 1667 1211 Ctesiphonte
1690 1135 1714 1208 44
1787 1157 1788 1208 g

240 1237 272 1290 44
304 1215 400 1287 instar
423 1224 658 1304 Palyglattorum
685 1223 825 1301 vulgavit
850 1222 959 1302 triplici
1015 1219 1106 1299 huius
1129 1223 1225 1300 ipsius
1245 1238 1375 1301 quoqne,
1398 1227 1526 1302 [nempe
1547 1225 1714 1302 Pannonii)

239 1322 362 1382 chartae
380 1319 521 1378 sectione.
539 1318 572 1377 ln
589 1318 676 1394 priori
694 1315 778 1375 dedit
799 1315 959 1376 lectionem
1014 1315 1186 1374 versionem
1206 1331 1284 1393 pena
1299 1315 1465 1378 absolutam
1478 1316 1578 1378 habeo.
1595 1319 1625 1378 ln
1640 1320 1715 1380 Pom
1787 1359 1788 1390 3

240 1409 570 1492 septuagintaviralom.
606 1410 640 1468 ln
674 1409 769 1470 altera
802 1407 961 1469 collocavit
1014 1404 1191 1488 latinoquad
1203 1410 1299 1472 lanus
1308 1411 1498 1487 praestiterit,
1509 1412 1616 1490 scripta
1625 1411 1711 1488 ipsius

241 1507 413 1568 versionem
440 1504 469 1562 S.
493 1502 684 1578 Hieronymi;
711 1503 740 1560 in
768 1502 857 1562 tertia
877 1499 961 1560 dedit
1016 1503 1140 1563 metrica
1160 1501 1267 1562 docere
1289 1508 1414 1582 queunt,
1435 1504 1515 1581 typis
1530 1502 1715 1564 excusabam

241 1615 337 1660 suam.
360 1595 434 1657 Vide
452 1595 520 1654 Zeni
542 1595 776 1656 Dissertationes
799 1595 961 1654 Vossianas
1016 1609 1101 1674 seqq.
1125 1592 1220 1674 Sylva
1240 1594 1435 1676 Panepprr'ca,
1456 1600 1486 1656 et
1503 1594 1715 1674 Epiprcmmata

242 1696 269 1754 l.
288 1690 354 1752 4744.
373 1690 422 1750 ubi
437 1695 470 1750 et
493 1689 609 1766 integer
625 1705 750 1766 operum
769 1686 836 1765 ejus
852 1685 962 1746 catalo—
1017 1685 1176 1766 quaedam
1198 1686 1345 1763 4444444444,
1365 1685 1448 1766 apud
1459 1686 1521 1750 444.
1541 1685 1714 1760 Frobeaiem

239 1800 313 1864 gum
330 1783 449 1860 legitur.
1016 1780 1072 1839 Am
1093 1781 1182 1842 4548.
1206 1779 1238 1841 in
1256 1782 1285 1840 4.
1309 1779 1411 1860 Ejaed
1434 1781 1571 1842 Poteram
1602 1779 1715 1842 Venetiis

279 1874 493 1940 sanaturus
513 1891 533 1933 a
554 1871 718 1948 Lambere,
750 1871 961 1935 JANUAlllUS
1017 1873 1167 1952 impressa
1186 1873 1269 1953 apad
1289 1871 1420 1933 emam.
1444 1873 1578 1948 amram,
1594 1873 1668 1932 4555
1686 1873 1715 1932 in

239 1966 435 2040 noemma,
454 1966 667 2028 sanaturus
687 1984 708 2026 a
732 1966 798 2028 Vico
817 1966 962 2028 Caesaris
1019 1967 1047 2028 8.
1071 1983 1141 2026 cam
1162 1966 1280 2028 Lazari
1297 1963 1452 2026 Bonamici
1465 1962 1642 2026 carminibus
1653 1981 1716 2024 nan·

239 2059 445 2121 Ecclesinrnm
475 2057 683 2120 diricanarum
713 2060 852 2136 Episcopi
884 2060 963 2118 inter
1016 2057 1126 2120 nudis:
1159 2060 1234 2120 Item
1260 2057 1397 2120 ammae
1427 2055 1466 2118 ab
1499 2057 1621 2137 oporam
1640 2057 1714 2120 md.

238 2168 290 2211 eos
322 2168 451 2232 quorum
485 2152 636 2230 Epistolae
658 2151 696 2212 ad
718 2152 747 2213 S.
774 2153 960 2230 Cyprianum
1015 2161 1149 2232 suntque
1171 2153 1259 2214 haec:
1277 2152 1322 2214 Ad
1340 2151 1503 2214 Guarinum
1518 2153 1714 2214 Vemnemsem

237 2245 317 2306 inter
337 2245 533 2324 Cyprianicas
555 2244 706 2321 legemur.
1015 2247 1216 2324 Panegyricus
1230 2267 1237 2306 ;
1252 2245 1298 2308 Ad
1313 2245 1454 2306 iacobum
1470 2243 1531 2304 lint
1555 2243 1712 2306 4444444444

277 2336 488 2398 JANUdlilUS
509 2336 702 2416 Nepotianus,
724 2336 815 2413 cujus
843 2337 961 2414 Episto
1018 2338 1167 2400 Venatum
1180 2341 1397 2417 Panegyricus:
1413 2335 1462 2398 Aa
1474 2334 1715 2398 Fridericumlll.
1787 2392 1788 2406 ,

236 2429 296 2492 lam
317 2429 354 2489 nd
379 2430 539 2500 Victorem,
560 2445 652 2506 quam
674 2431 823 2508 epitomae
852 2430 960 2490 Valerii
1018 2430 1092 2511 imp.
1110 2448 1164 2509 pre
1180 2431 1313 2510 pacanda
1324 2423 1408 2494 ltalia
1425 2431 1562 2494 Carmen:
1577 2427 1714 2490 Diomedis
1787 2455 1788 2508 4

234 2523 355 2584 Maximi
383 2523 598 2599 praemiserat,
620 2522 791 2601 lpublicavit
824 2520 961 2583 Labbcus
1017 2530 1050 2584 et
1069 2523 1173 2584 Glauci
1192 2539 1375 2603 congressus
1395 2541 1433 2584 ex
1454 2525 1568 2586 llamer.
1587 2521 1613 2582 ii.
1639 2519 1712 2584 iliad.

180 2666 189 2684 ,
233 2622 307 2676 tam.
329 2616 357 2675 4.
379 2613 452 2674 Bibl.
474 2631 570 2674 novae
590 2615 673 2676 tiss.
700 2632 765 2693 pag.
792 2615 859 2675 469.
881 2613 952 2676 inde
1015 2617 1107 2677 latino
1132 2618 1266 2678 carmine
1292 2616 1437 2678 redditus.
1462 2614 1629 2696 Eleyvamtm
1647 2610 1714 2676 liter

235 2708 347 2786 legitur
369 2708 397 2766 io
420 2708 604 2786 praelatione
626 2710 705 2770 Petri
741 2707 862 2786 losephi
884 2709 962 2768 Can·
1028 2703 1715 2788 44444.Ερι”44·44444444.Α(4444144444444444444

109 2851 114 2859 .
234 2799 296 2860 44444
307 2799 345 2860 ad
361 2799 523 2874 Valerium,
542 2801 572 2860 in
589 2815 665 2862 usus
676 2799 813 2878 Delphini
828 2799 959 2860 illustra·
1014 2802 1086 2879 piae
1104 2799 1182 2863 44444
1200 2803 1323 2881 Baptist.
1345 2801 1465 2864 Guarini
1483 2798 1713 2873 seniorisadia-

233 2894 387 2954 tametio
407 2891 545 2954 Biblioth.
564 2909 630 2954 mea
645 2894 749 2954 Latina
771 2894 819 2955 lib.
836 2893 863 2954 9.
878 2910 904 2952 4.
928 2895 956 2954 5.
1016 2911 1090 2956 num
1105 2897 1302 2956 Pannoniam.
1317 2893 1458 2974 Ejusdem
1473 2891 1640 2973 9444444444
1651 2887 1712 2960 dua,

271 2984 392 3046 JANUS
408 2991 497 3045 antea
513 2985 643 3048 ioannes
665 2987 838 3046 Pannonias
865 2987 958 3059 Quin·
1014 2987 1283 3068 etlipiprommata
1296 2986 1379 3048 ultra
1390 3003 1488 3048 omenes
1499 2982 1712 3048 minomotar

234 3078 489 3154 queecclesiensis
514 3079 691 3157 Episcopus,
715 3062 958 3157 praeceptoribus
1013 3097 1035 3138 a
1067 3079 1135 3140 tol.
1163 3077 1312 3146 Sembitae
1333 3079 1412 3141 edila
1433 3078 1558 3142 rameii.
1584 3079 1711 3142 Ceterum

231 3169 453 3229 usuanarino
469 3171 495 3244 a)
515 3171 678 3230 Veronensi
703 3171 763 3248 (qui
788 3186 958 3248 nonagena·
1013 3175 1230 3234 Poematalani
1251 3176 1393 3236 Pannonii
1411 3173 1528 3251 vulgata
1542 3177 1611 3236 aunt
1625 3165 1709 3230 aiala

231 3263 295 3322 rius
316 3263 373 3322 dn.
397 3261 485 3324 44644.
506 3262 586 3323 diem
608 3263 690 3338 obiit)
722 3265 873 3324 Ferrarius
905 3280 958 3341 per
1014 3264 1138 3347 alitpp.
1160 3257 1257 3327 Pareo
1279 3268 1307 3326 in
1330 3265 1440 3328 delitiis
1461 3266 1610 3326 Poetarum
1639 3263 1710 3322 ilun-

233 3355 346 3416 mnltos
363 3371 478 3416 annas:
500 3362 532 3416 et
552 3355 588 3416 ad
608 3359 756 3434 poeticam
771 3357 890 3418 laurum
910 3372 958 3416 ca·
1011 3361 1189 3437 garicorum,
1205 3359 1388 3422 Francalurti
1408 3359 1445 3420 A.
1460 3359 1546 3422 4649.
1560 3359 1588 3418 44
1605 3357 1640 3418 lt
1655 3351 1709 3414 edl-

231 3448 284 3524 piti
301 3463 356 3508 suo
368 3447 531 3525 aptandam
542 3449 679 3509 Galeotto
693 3449 860 3510 Narniensi.
877 3451 959 3510 llun-
1012 3454 1061 3528 tis,
1081 3469 1178 3532 eaque
1198 3469 1232 3514 sc
1252 3454 1408 3530 excipiunt
1429 3451 1459 3512 b.
1480 3469 1519 3534 m.
1539 3453 1566 3511 4.
1592 3450 1708 3526 Pataram

229 3542 343 3615 gariam
365 3542 493 3616 patriam
510 3555 597 3601 suam
615 3541 749 3601 Graecae
772 3544 956 3618 Latinaeque
1012 3545 1096 3607 ricae
1112 3546 1234 3625 primas
1255 3543 1352 3608 deno
1383 3544 1516 3611 saarim
1547 3538 1707 3610 Varamos.

229 3631 349 3707 linguae
370 3631 496 3692 scientia
516 3639 548 3690 et
568 3634 700 3708 poetices
721 3631 809 3692 laude
839 3634 957 3710 egregie
1012 3638 1206 3720 Praeceptori
1222 3652 1287 3699 suo.
1305 3639 1332 3698 9.
1350 3636 1549 3718 Panegyricus
1562 3631 1703 3704 seminant,

230 3720 409 3798 nobilitavit,
422 3729 456 3782 ut
469 3722 559 3802 probe
571 3729 708 3786 notatum
720 3723 827 3786 Davidi
845 3725 958 3786 Czwit
1011 3730 1111 3794 diotae
1132 3730 1315 3806 Marcellino,
1331 3730 1410 3792 Daci
1424 3730 1613 3794 Vermlioram.
1630 3727 1656 3786 3.
1667 3720 1709 3784 ll

178 3852 182 3858 »
233 3815 350 3892 tingere
372 3815 402 3874 in
424 3816 590 3894 specimine
611 3817 779 3894 Hungariaa
808 3819 957 3878 litteratae
1011 3824 1085 3904 Imp.
1103 3817 1188 3887 Coei.
1209 3823 1355 3886 Frideric.
1369 3826 1429 3885 111.
1441 3842 1497 3905 pro
1511 3819 1706 3902 paearidaila

231 3925 260 3986 p.
273 3907 342 3968 289.
355 3914 448 3986 atque
462 3909 633 3986 ipselanus
651 3910 873 3986 proiessusest,
886 3909 957 3970 hoc·
1010 3915 1062 3979 lia.
1085 3919 1229 3996 Reliqua,
1251 3925 1316 3980 tum
1338 3919 1472 3993 beroien,
1502 3925 1566 3982 tum
1591 3915 1705 3990 elegiam

229 4018 264 4062 ce
284 4001 403 4064 tumulo
426 4017 482 4063 suo
498 4001 619 4062 inscribi
627 3999 739 4077 jubens
750 4003 955 4082 epitaphium:
1009 4027 1129 4089 genere,
1150 4011 1187 4072 dc
1209 4011 1301 4070 variis
1319 4011 1461 4085 materiis,
1482 4009 1520 4070 ad
1540 4009 1633 4070 varias
1648 4021 1704 4083 per·

239 4135 287 4184 ille
303 4137 367 4186 ellus
380 4139 419 4184 444
432 4138 522 4195 tanus,
534 4133 643 4197 patriam
652 4137 697 4197 qul
711 4137 807 4198 primus
819 4134 850 4184 444
862 4137 954 4186 istrum
1008 4119 1109 4178 ⁵⁰⁰⁸&
1123 4102 1273 4164 9144504343
1285 4105 1426 4177 Carmina»
1441 4101 1547 4164 lubens
1560 4099 1619 4177 iam
1633 4111 1705 4176 W

269 4211 346 4258 114444
361 4207 501 4269 laurigeras
517 4221 548 4259 44
566 4209 685 4258 liellcone
702 4215 764 4260 beas
1006 4204 1103 4269 beree,
1134 4198 1244 4275 quippe
1272 4213 1350 4274 quae
1380 4197 1476 4257 cuivis
1498 4192 1598 4256 eadem
1626 4203 1703 4250 110984

240 4279 311 4330 nnnc
328 4281 416 4330 saltem
432 4282 535 4332 titulum
555 4281 621 4332 ilvor
639 4287 756 4344 permitte
771 4282 879 4347 sepulto,
1005 4291 1118 4363 aventi,
1139 4289 1227 4367 paulo
1248 4297 1318 4351 3an
1339 4290 1445 4350 4444444
1466 4287 1586 4350 4444444344
1617 4286 1707 4344 Poeta-

271 4351 385 4404 invidiae
402 4367 454 4405 nan
471 4361 508 4406 est
529 4356 555 4404 ln
573 4363 737 4406 monumenta
753 4359 831 4410 locus.
1005 4401 1073 4446 rum
1090 4385 1218 4461 Hungar·
1230 4383 1348 4444 decenti
1360 4381 1463 4444 04444444
1477 4377 1706 4460 suppeditabunt.

269 4447 308 4548 444
318 4455 438 4527 quidem
449 4458 486 4520 ad
496 4473 611 4538 praeca
625 4457 716 4520 latine
733 4460 852 4524 reddita
869 4465 948 4544 quad
1006 4479 1193 4538 Praetentate
1209 4477 1238 4536 in
1250 4476 1396 4538 lectorum
1412 4491 1519 4539 manus
1533 4474 1620 4534 missa
1637 4484 1705 4546 opu·

177 4639 180 4644 1
231 4539 339 4598 attinet
359 4554 520 4628 opuscula3
543 4549 695 4613 Diomedis
710 4556 741 4613 et
757 4553 863 4618 Glauce
884 4575 952 4622 con-
1004 4572 1097 4646 scula,
1119 4572 1191 4648 quin
1214 4568 1299 4648 plura
1320 4569 1418 4634 adhuc
1448 4568 1504 4632 elia
1532 4569 1560 4627 in
1591 4561 1699 4626 scriniis

277 4753 303 4811 Ι)
321 4769 398 4823 Vivit
417 4777 478 4828 tam.
495 4777 519 4827 5.
537 4791 596 4842 pag.
616 4779 670 4832 444.
1045 4784 1071 4844 a)
1087 4785 1261 4839 Demosthenis
1280 4781 1435 4834 orationem.
