3562 5580
215 157 274 218 rte
791 153 1128 220 Guilelmus

247 261 466 326 GUiLEthUS
480 261 516 325 (te
528 263 645 324 4444444
660 261 839 340 aquitanus,
855 264 926 328 Ord.
1021 263 1238 327 curtettttts
1253 260 1453 342 4404494444
1472 262 1599 344 lugius¹
1614 267 1677 346 4444-

206 351 801 436 lirnorscriptorDroeloesolutr‘s,quam
813 357 926 418 lislam
953 361 957 372 ’
981 359 1104 432 4444444,
1124 359 1232 417 Doctor
1248 356 1445 429 0444444444,
1467 357 1542 420 circa
1564 358 1674 420 4444444

206 451 237 508 44
249 449 430 510 Bibliotheca
440 448 578 509 coenobii
593 449 843 510 camberonensis
853 450 923 510 0rd.
981 452 1069 514 4309.
1098 451 1224 526 Scripsit
1248 450 1278 508 in
1309 449 1504 528 Evangeiium
1527 450 1672 527 Malthaeig

206 543 377 604 cistercia
402 542 557 601 Harmonia
575 547 707 602 testatur
724 541 877 604 sanderus
895 545 922 600 in
979 543 1250 606 Determinationes
1279 547 1311 602 et
1340 544 1480 602 Lecturus
1506 543 1673 621 theologiae.

205 633 384 696 Bibliotheca
399 635 481 696 MSS.
500 635 644 696 Codicum
662 635 753 712 Belgii
770 651 835 714 pag.
855 635 923 697 356.
979 637 1141 699 Sermones
1166 634 1202 696 ad
1230 635 1382 714 populum.
1406 636 1514 696 Contra
1535 635 1675 698 Statutum

205 726 286 788 idem
314 725 386 787 mihi
413 726 462 786 hic
487 725 606 787 videtur
632 743 703 788 cum
728 725 924 790 0444434440
978 729 1191 801 Narbonense,
1215 725 1296 804 quod
1319 726 1494 788 carmelitae
1513 726 1629 804 Augilas
1646 727 1672 786 44

205 816 331 880 Lelcrrlo
349 819 375 893 a)
393 817 473 897 apud
491 817 693 896 Waddingum
711 835 777 897 pag.
799 821 856 880 453
873 821 923 881 ubi
978 823 1054 883 duas
1080 821 1249 901 provincias
1271 820 1415 880 diviserat
1430 817 1486 878 44.
1509 818 1593 880 4303.
1611 817 1675 880 Vide

205 909 244 970 4444
261 909 365 982 tribuit
386 907 615 972 Fomnulorium
642 909 846 991 consessionis
873 928 925 974 su
980 915 1104 976 Baleum
1126 914 1164 974 444
1182 910 1232 972 70.

203 1017 262 1080 per
272 999 373 1063 decem
390 1007 552 1083 praecario
571 1001 719 1081 Decolopi.
1017 1005 1234 1067 GUILELMUS
1251 1000 1439 1075 lincolniae,
1466 1003 1590 1082 Anglus,
1612 1002 1676 1062 Car·

245 1095 463 1158 curtetuus
478 1097 579 1156 4444444
593 1094 854 1174 lucullanensis,
869 1100 923 1158 Lc-
979 1099 1221 1174 restituemur
1239 1096 1511 1174 Cantabrigiensis‚
1528 1096 1582 1156 44.
1600 1094 1679 1156 4300.

203 1185 292 1246 44404
306 1186 586 1264 Laniondenensis,
603 1187 743 1248 Coenobii
761 1187 924 1251 04444444-
978 1192 1104 1270 Scripsit
1130 1189 1211 1250 XXV.
1236 1187 1432 1264 Quaestionum
1452 1187 1485 1247 in
1513 1186 1678 1265 Magistrum

120 1277 124 1285 '
205 1295 274 1340 rum
292 1281 484 1358 llsgulerium
503 1281 532 1340 ia
554 1278 681 1358 Angla,
699 1281 778 1341 circa
800 1279 923 1342 444444
977 1281 1213 1348 Sententiarum:
1235 1288 1326 1358 atque
1353 1279 1550 1362 oppositiones
1560 1277 1686 1350 ‚selom

204 1374 281 1436 4330
299 1377 419 1453 scripsit
439 1373 534 1436 Vitam
558 1371 680 1434 liuberti
695 1372 940 1448 corlonensis„
978 1377 1081 1439 sticcs.
1099 1375 1170 1436 Vide
1188 1374 1311 1436 Baleum
1328 1376 1393 1436 xli.
1410 1377 1439 1435 0.

202 1485 241 1528 er
257 1466 372 1528 Abbate
389 1466 619 1546 Langhtonisnsi
635 1466 773 1545 Episcopi
788 1467 923 1528 llerelor-
1017 1469 1234 1533 cuituttius
1250 1466 1463 1542 Lindwoorius,
1478 1464 1603 1527 Lelando
1620 1479 1676 1541 cap.

204 1560 327 1636 densis,
344 1560 383 1622 ad
403 1559 602 1639 Regintldum
625 1558 772 1620 Abbatem
802 1560 924 1621 444444-
978 1567 1037 1627 535
1047 1570 1079 1624 44
1089 1559 1404 1624 aliisdetinrtewoorie
1419 1559 1464 1636 (de
1475 1558 1547 1619 Tillo
1558 1556 1676 1630 44444444

203 1671 337 1718 4444444.
354 1653 427 1716 4404
446 1653 609 1718 telundum
627 1669 691 1733 cap.
708 1653 920 1714 3303444444
976 1656 1115 1736 Anglus,
1131 1656 1235 1730 44444,
1250 1655 1380 1716 maxime
1396 1650 1594 1712 Ecclesiastici
1611 1649 1678 1726 peri-

204 1749 254 1808 444.
269 1748 308 1808 39
326 1755 357 1809 44
372 1749 506 1809 Pitseum
523 1763 589 1824 pag.
609 1746 676 1806 300.
977 1753 1019 1812 444
1035 1748 1115 1828 apud
1127 1749 1288 1809 ilenricuur
1302 1745 1337 1805 V.
1351 1759 1386 1805 ae
1399 1745 1448 1805 444.
1463 1743 1678 1821 Angliaalioges

244 1840 461 1904 0043344408
477 1841 610 1902 Lemrter
634 1842 699 1900 sive
722 1839 921 1912 Lemesterus,
977 1845 1149 1921 gratiosus,
1174 1839 1304 1916 denique
1321 1837 1359 1900 ab
1375 1835 1431 1898 44.
1454 1837 1530 1899 tice
1546 1834 1583 1894 ad
1601 1833 1676 1895 4440.

204 1933 443 2009 lieriordiensis,
463 1933 581 2013 Anglus
593 1977 600 2006 ‚
613 1931 684 1992 040.
708 1933 810 1994 Minor.
827 1931 922 1992 Thec-
976 1935 1145 2015 Episcopus
1159 1932 1356 1994 Meosvensis.
1374 1931 1427 1990 4444
1436 1929 1492 1990 An.
1508 1927 1583 1988 4430
1600 1923 1678 1985 collo-

204 2029 290 2106 iogus
306 2024 507 2101 oxoniensis,
524 2027 612 2087 cuius
629 2021 807 2088 collationes
823 2024 855 2086 iu
869 2024 887 2082 1
890 2025 918 2084 V.
975 2029 1020 2106 git
1036 2028 1261 2103 illustravitque
1279 2019 1466 2084 444ουί444444
1491 2022 1555 2080 4444
1574 2013 1677 2078 Comli·

205 2117 297 2180 tibros
313 2117 537 2181 sentennurum
553 2124 585 2177 et
598 2117 792 2194 0444444444
805 2114 921 2177 4444444-
976 2108 1691 2192 tutiouesi’rooinoiolesArclriepiscoporumilcu-¹

203 2211 289 2292 picae
310 2209 517 2274 memorantur
532 2229 549 2269 a
566 2210 655 2270 Baleo
669 2210 735 2270 xil.
751 2209 789 2268 03
806 2227 845 2268 ex
861 2225 920 2287 quo
976 2212 1176 2276 taurinatium
1202 2211 1244 2271 444
1247 2211 1276 2272 V.
1293 2226 1310 2270 a
1338 2207 1489 2286 Stephano
1517 2201 1678 2280 Langthooo

201 2304 306 2366 eadem
324 2305 443 2365 Pitseus
457 2319 522 2382 pag.
540 2303 599 2363 800
625 2303 815 2373 Posseviaus,
832 2301 923 2362 4440-
975 2306 1013 2368 40
1029 2307 1189 2366 4444444444
1216 2298 1442 2376 Chimhiilejum
1462 2297 1543 2357 libris
1561 2296 1593 2356 44.
1613 2307 1681 2369 quae

203 2398 314 2476 dingus
327 2404 385 2458 etc.
975 2415 1044 2460 cum
1057 2393 1327 2458 Constitutionibus
1343 2391 1470 2452 Othonis
1485 2394 1516 2449 et
1530 2383 1681 2449 otthoboni

244 2489 461 2553 GUiLELliUS
471 2486 806 2568 Lepcestriusltelaodo
816 2505 840 2548 4.
852 2489 921 2550 355.
975 2509 992 2552 a
1017 2487 1164 2552 JOANNE
1189 2487 1226 2550 dc
1247 2485 1366 2550 Athona
1383 2483 1554 2556 illustratis,
1568 2485 1598 2540 et
1620 2491 1682 2538 cum

207 2580 371 2646 Guilelmus
387 2584 547 2644 4444444444
562 2597 619 2642 444
635 2577 672 2640 444
690 2577 847 2657 Montibus)
861 2579 923 2642 44·
975 2579 1305 2663 catalogoquorundam
1312 2571 1683 2654 Archiepisooporumilan-

205 2676 283 2754 glus,
295 2673 463 2736 Canonicus
478 2675 722 2753 Augustinianus
736 2673 924 2736 Lincoinien·
976 2677 1174 2740 tuarionsium
1202 2671 1337 2752 prodiere
1362 2669 1453 2730 Paris.
1481 2665 1558 2727 4503
1587 2663 1630 2723 iol.
1655 2666 1682 2718 et

205 2771 347 2841 sis‚circa
362 2767 484 2830 Annum
499 2769 551 2830 434
560 2766 587 2827 7.
604 2764 692 2843 cujus
709 2769 820 2846 scripta
841 2765 921 2845 apud
977 2768 1068 2831 Lond.
1088 2765 1166 2829 4557
1183 2767 1212 2825 8.
1233 2764 1329 2825 Oxou.
1350 2760 1426 2823 4070
1442 2759 1489 2821 iol.
1504 2763 1535 2819 et
1552 2771 1621 2818 cum
1640 2752 1684 2812 de

205 2864 370 2922 Bostonum
384 2863 573 2940 Buriensem,
586 2858 710 2920 Baleum
727 2860 776 2920 444.
794 2858 832 2919 07
847 2861 925 2920 Sim·
977 2861 1290 2924 leatuannotatiouum
1300 2900 1307 2928 ,
1318 2860 1443 2916 curante
1455 2851 1524 2913 iiob.
1536 2845 1683 2911 Sharroltio

207 2953 305 3015 lerum
319 2959 351 3014 ct
364 2954 563 3015 Possaviaum
580 2957 671 3013 sunt:
692 2949 926 3013 Concordontioe
978 2956 1065 3018 44403.
1081 2955 1108 3014 8.
1124 2955 1280 3014 Praeterea
1296 2943 1548 3010 commentarium
1569 2941 1599 3001 in
1620 2953 1683 3018 4440·

205 3043 382 3107 Bibliorum.
396 3046 439 3105 lle
453 3043 546 3123 tropis
559 3044 799 3122 Scripturorum.
816 3042 927 3105 Simili·
976 3047 1064 3109 edom
1081 3043 1229 3114 Pserimos,
1248 3047 1279 3102 44
1295 3043 1450 3104 Summum
1461 3049 1622 3098 caurorum
1631 3043 1684 3090 mc-

208 3137 403 3200 tudinorium.
415 3133 574 3217 Speculum
580 3135 778 3216 poenitentioe
787 3143 818 3196 et
825 3133 926 3216 poeui—
980 3145 1097 3200 morant
1108 3138 1217 3198 Baieus
1234 3137 1294 3196 Vll.
1313 3134 1352 3194 73
1369 3139 1401 3193 et
1413 3135 1529 3192 Pitscus
1542 3144 1607 3206 pag.
1624 3121 1685 3184 uti.

209 3231 305 3292 444444,
322 3229 535 3310 Emporitroaes
561 3225 793 3305 Evcrrpeliorum
814 3233 843 3288 et
857 3229 927 3309 Epi-
978 3232 1024 3294 4444
1049 3231 1215 3294 Concilium
1246 3229 1419 3290 Basilecnse
1442 3224 1478 3286 ab
1506 3221 1630 3283 ilenrico
1642 3215 1684 3276 44.

213 3323 367 3386 stolorum.
379 3320 526 3386 Homilioe
541 3321 925 3400 cclxxvuperanaum.
979 3325 1035 3386 44.
1054 3325 1125 3386 4434
1151 3322 1317 3400 ablegatus
1335 3321 1425 3397 Regio
1442 3316 1561 3376 nomine
1585 3307 1685 3372 obtulit

212 3399 254 3476 lie
270 3415 475 3480 sacramentis
502 3412 662 3474 4444444444.
682 3412 784 3474 litores
805 3415 928 3493 844444-
979 3418 1112 3480 Concilio
1123 3415 1364 3494 appellationem,
1376 3427 1436 3489 qua
1445 3411 1508 3470 44444
1521 3421 1576 3466 444
1587 3406 1684 3480 Papam

210 3507 279 3568 tica.
294 3511 418 3570 Summo
435 3505 545 3568 breuis.
574 3497 736 3566 Numerole
752 3512 783 3565 rt
802 3509 928 3568 Summa
981 3527 1036 3582 neo
1059 3523 1242 3588 quemquam
1269 3506 1441 3566 mortalium
1460 3504 1489 3560 in
1512 3493 1686 3574 temporibus

211 3601 422 3662 Numerarem.
440 3598 589 3660 Dictiones
607 3597 802 3676 Tlreotopicoe.
819 3601 861 3661 04
874 3599 928 3660 ud-
981 3601 1166 3684 superiorem
1180 3615 1342 3680 agnoscere
1355 3615 1388 3659 ss
1401 3600 1530 3675 testatus
1542 3591 1607 3652 luit.
1622 3583 1685 3648 vide

210 3698 299 3756 ventu
314 3692 448 3752 Domini·
465 3694 564 3772 Super
583 3691 731 3770 agnitione
752 3693 872 3770 peccati
885 3694 928 3753 Dc
982 3701 1015 3760 Η.
1038 3695 1193 3757 Warthoni
1209 3694 1376 3756 auctarium
1390 3689 1428 3750 ad
1445 3689 1587 3748 Curcum.

216 3785 344 3848 bonitate
367 3784 527 3846 muliemtm
551 3783 593 3846 od
609 3783 755 3865 quosdam
776 3783 928 3848 moniales.
1021 3789 1237 3852 0044344400
1254 3777 1568 3866 4444444440444444,
1587 3775 1685 3850 teuc

215 3882 346 3944 0444444
365 3877 583 3960 olplrobeticum
597 3879 779 3959 9444444444,
794 3879 875 3957 quod
887 3881 931 3938 in·
983 3885 1058 3946 44444
1076 3884 1180 3963 byseg.

212 3975 269 4054 cip.
287 3972 362 4049 Quis
378 3970 602 4044 venictvideus,
616 3959 685 4052 quo}
702 3971 821 4051 quondo
837 3979 894 4033 oto.
989 3987 998 4006 .
1015 3973 1231 4038 GUILELMUS
1241 3971 1276 4032 cte
1289 3972 1397 4031 Locrte
1408 3962 1617 4044 aragonensis,
1629 3951 1686 4017 Sec

252 4065 516 4128 GUILELMUSde
529 4064 698 4144 lichfeldia,
709 4064 825 4143 Anglus
836 4065 931 4125 Theo·
981 4071 1045 4132 XV.
1064 4070 1184 4146 scripsit
1201 4065 1236 4128 de
1250 4060 1427 4142 obligations
1444 4051 1589 4133 Primrpt's
1609 4048 1688 4149 Chri·

213 4162 298 4238 lngus
326 4157 489 4221 defunctus
513 4157 569 4220 44.
600 4158 686 4220 4447.
705 4157 778 4218 4404
796 4159 929 4218 Pitsaum
982 4161 1125 4226 4444444444
1138 4156 1323 4221 redimendos
1336 4146 1596 4231 eleemosynissuis
1604 4145 1688 4221 capli-

214 4269 280 4329 pag.
298 4253 356 4314 854
371 4253 422 4330 qui
438 4253 548 4331 scripta
566 4251 633 4329 ejus
648 4251 738 4311 relert
751 4270 758 4312 :
773 4253 930 4311 Sermones
983 4273 1036 4317 vos
1053 4253 1108 4334 qui
1120 4271 1140 4312 o
1154 4251 1273 4314 licuris
1287 4247 1466 4310 detinentur.
1478 4241 1549 4304 Vide
1560 4240 1618 4300 Nic.
1633 4235 1689 4296 44·

215 4344 359 4404 termille
375 4347 570 4424 etoctoginta
587 4353 668 4404 tres:
687 4339 846 4418 (laterclum
861 4342 934 4401 4434
984 4352 1099 4410 lonium
1116 4349 1154 4408 X.
1172 4346 1200 4406 6.
1217 4343 1355 4406 Biblioth.
1369 4345 1431 4400 vet.
1445 4328 1686 4414 Hispanae53li·

111 4435 120 4448 '
216 4439 321 4494 contro
329 4453 424 4514 penus
435 4437 778 4514 humanumexpressam
789 4437 930 4496 carmine.
1025 4438 1242 4502 0344344400
1274 4431 1514 4504 consuamus,
1540 4423 1606 4484 vide
1627 4434 1689 4482 41444

217 4530 398 4606 Responsum
408 4530 582 4608 4444044444
598 4529 642 4591 cd
655 4527 773 4590 034444.
986 4532 1224 4598 Lubbenlromus.

258 4619 873 4700 GUiLELliUSLidlesiveLitle.Parvus,
891 4626 934 4684 in·
1027 4625 1243 4690 GilttELMUS
1278 4615 1462 4683 lombardus
1495 4614 1563 4674 Ord.
1594 4605 1690 4670 44444·

220 4709 284 4782 ira,
304 4710 381 4770 Guil.
399 4712 620 4792 Neubripensis.
986 4741 1076 4803 quem
1093 4720 1222 4784 lacobus
1238 4718 1341 4790 Quotil
1355 4724 1426 4776 tom.
1445 4714 1471 4773 4.
1494 4725 1557 4788 pag.
1575 4703 1640 4764 leo.
1653 4713 1688 4757 44

261 4836 287 4894 4)
304 4838 379 4890 celtu
392 4839 416 4890 le
427 4843 514 4902 aare,
530 4845 626 4896 lenm.
988 4817 1149 4878 Laurentio
1165 4815 1305 4889 Pignonio
1316 4809 1408 4870 tradit
1424 4803 1576 4880 scripsisse
1590 4795 1620 4852 in
1631 4789 1691 4851 nio-
