3608 5604
682 51 1045 116 inuisitatus
1140 77 1143 82 ¹
1382 93 1388 98 -
1550 48 1609 114 541

122 157 165 220 33
189 176 235 222 me
255 157 386 239 3334434,
403 155 528 220 editioni
546 156 757 234 destinandos,
774 159 841 221 mit·
894 158 1087 232 Amalarins,
1108 155 1198 234 cujus
1219 155 1310 218 libros
1330 154 1368 218 de
1389 157 1495 218 officiis
1524 154 1614 218 habe

123 259 185 314 tera
200 251 348 314 Antonius
364 253 504 314 Houaeuc
531 250 594 314 illic
619 251 760 330 relipioui
774 269 841 330 ope-
898 267 986 326 3433,
1008 252 1038 311 43
1061 253 1157 312 veteri
1179 249 1289 310 Codice
1310 249 1389 327 apud
1407 249 1612 310 hiabillouium

124 351 234 420 ratus,
252 344 302 406 vir
318 343 441 420 doctus,
458 337 628 425 3444334433
643 343 761 406 Abdum
781 342 842 406 Ao·
895 345 914 405 4.
934 346 982 408 93.
1002 345 1069 405 403.
1091 351 1123 406 34
1143 343 1213 406 432.
1235 341 1446 404 Analectorum
1470 341 1542 402 edit.
1562 357 1615 401 33-

124 443 346 500 4434333343334
358 453 509 517 prospera
531 434 617 518 fatua
645 436 841 516 epit,reppe-
896 453 971 512 433,
999 437 1203 516 symphosius
1234 436 1408 498 3433434433
1437 436 1615 515 appellatur.

124 531 169 592 rit
182 549 203 592 3
220 527 398 612 bibliotapho
412 528 554 612 quopiam
571 527 719 608 librorum
736 527 840 596 subla·
895 530 1014 592 Sufficit
1033 529 1103 590 mihi
1121 532 1290 608 aenigmata
1306 529 1478 608 symphosii
1501 528 1615 590 laudari

124 636 189 686 tos:
208 630 299 704 atpuc
316 621 360 684 ito
374 623 513 702 disperiit
524 621 574 684 illa
591 622 776 699 thesaurus,
793 620 834 683 ab
893 623 931 684 ab
952 622 1112 686 3434431343
1133 623 1222 686 scoto
1243 631 1274 684 et
1295 623 1450 700 sigeberto
1478 620 1618 682 Gembla-

36 724 39 738 '
123 715 303 780 haeredibus
318 716 468 796 sacrifici,
486 716 620 796 43344334
643 713 770 778 cadebat
787 733 839 778 su·
893 718 997 791 consi,
1014 723 1106 795 atque
1122 718 1202 778 inter
1217 718 1433 796 epigrammata
1449 732 1485 776 ac
1496 721 1617 793 poema-

75 855 79 860 *
123 809 235 890 spicio,
260 809 292 870 in
321 808 452 872 cucullos
480 816 512 870 et
534 809 652 891 piperis
683 807 841 872 involucra
894 814 925 870 ta
946 815 1052 870 vetera
1072 810 1103 870 P.
1126 809 1237 870 Pithoei
1259 827 1297 870 ex
1318 809 1377 870 his
1400 808 1504 868 reierri
1524 807 1617 869 Caelii

126 917 275 964 concisus.
896 903 1036 964 Firmiani
1053 902 1213 982 simphosii
1229 919 1296 982 pag.
1311 903 1359 964 23.
1375 917 1484 962 versus
1497 900 1619 980 phalae-

165 997 192 1055 c.
211 992 334 1056 44344434
350 994 385 1056 de
402 992 590 1076 Spectaculis
607 1013 625 1057 e
641 996 724 1058 43343
746 997 777 1056 43
795 994 843 1055 lu·
897 998 959 1056 cios
975 993 1011 1056 do
1028 994 1122 1057 liuore
1138 1003 1170 1056 et
1191 1013 1257 1075 pag.
1278 997 1327 1059 24.
1349 993 1565 1056 choriambicos
1581 991 1617 1052 33
1660 1047 1663 1060 ,

124 1106 192 1152 cern
219 1087 323 1151 datum
352 1090 507 1162 Venetiis,
525 1091 608 1168 legas
637 1090 665 1150 43
693 1088 843 1150 4433434443
895 1085 1030 1169 fartum.
1052 1089 1169 1152 scilicit
1191 1089 1262 1150 mihi
1285 1088 1416 1166 denique
1444 1085 1617 1164 symphosii

124 1181 316 1254 Trevoltinis.
337 1183 673 1261 34344333334993.
690 1188 722 1242 34
740 1182 770 1240 43
787 1181 843 1242 No-
901 1185 1007 1258 poetae
1039 1197 1149 1242 nomen
1184 1180 1296 1241 diserte
1317 1181 1468 1258 praeferre
1493 1177 1619 1240 Codices

127 1275 217 1336 vellis
232 1275 315 1354 Reip.
338 1274 464 1336 litterar.
481 1273 618 1352 ejusdem
635 1277 708 1338 anni
724 1282 786 1336 tom
815 1276 844 1336 2.
899 1274 980 1334 MSS.
998 1274 1211 1352 aenigmatum,
1229 1290 1306 1351 quos
1319 1274 1501 1336 evolverunt
1514 1270 1615 1332 Joach.

127 1385 194 1448 pag.
218 1366 284 1430 447.
307 1367 360 1428 333
394 1383 483 1428 33343
515 1375 582 1442 334,
604 1370 656 1446 qui
677 1366 787 1427 4433444
807 1364 846 1426 ab
903 1366 1077 1440 Perseius,
1109 1367 1286 1428 Franciscus
1317 1366 1479 1440 liasvelus,
1510 1364 1619 1426 Gelda·

127 1461 178 1521 illo
199 1466 353 1538 tempore,
374 1460 454 1521 unda
469 1462 576 1522 merito
598 1477 651 1539 pro
674 1458 773 1522 iabula
795 1456 847 1518 ha·
896 1466 979 1522 stus.
1001 1463 1031 1520 P..
1054 1459 1215 1534 Pithoeus,
1236 1458 1388 1537 iosephus
1409 1459 1551 1520 Castalio.

26 1613 30 1622 ,
127 1554 179 1614 het
207 1553 330 1616 clariss.
348 1555 566 1615 Bunemannus
590 1553 620 1613 iu
648 1551 847 1614 Misceliaueis
944 1552 1153 1616 *Editionem
1183 1569 1308 1632 operum
1336 1554 1482 1612 Lactantii
1508 1553 1619 1612 homae

130 1646 337 1726 lipsiensibus
355 1652 428 1706 tom.
447 1648 474 1706 3.
491 1663 557 1725 pag.
579 1645 647 1717 436.
903 1647 937 1706 43
972 1646 1098 1708 aedibus
1129 1648 1325 1708 Maximorum
1358 1645 1526 1706 conlectam
1565 1661 1620 1722 ego

168 1739 197 1798 8.
216 1734 567 1814 Oioruaprs'oriactantii
586 1744 848 1818 praeterrempro
904 1756 973 1800 curn
1008 1741 1138 1802 Viennae.
1160 1756 1260 1800 333343
1294 1743 1322 1799 43
1355 1737 1537 1799 Bibliotheca
1564 1739 1617 1798 PP.

130 1831 211 1892 edito
227 1831 347 1894 videtur
361 1833 470 1894 habere
483 1833 612 1894 lacobus
623 1830 758 1893 Gaddius
776 1837 848 1890 tom.
904 1831 1113 1896 Benedictinor
1128 1833 1157 1894 s.
1173 1836 1282 1896 Mariae
1302 1835 1338 1895 33
1359 1834 1469 1894 Scotus
1485 1832 1620 1903 versavi,

131 1923 428 2004 l.descriptoribus
456 1941 516 1984 non
534 1925 649 1986 Eccles.
669 1942 697 2002 p.
716 1925 782 1985 434.
804 1924 850 1984 Si·
907 1932 999 2003 atque
1020 1927 1050 1986 in
1074 1927 1122 1987 illa
1144 1943 1179 1988 ea
1200 1927 1301 1988 omnia
1322 1925 1438 2006 reperi,
1460 1943 1538 2004 quae
1569 1927 1624 1984 Fa-

133 2010 243 2078 34444434
272 2022 305 2078 34
332 2014 526 2097 symphosius
558 2017 746 2078 clarissimus
774 2017 852 2076 ileu·
907 2018 1019 2078 bricius
1041 2018 1088 2078 hic
1110 2019 1286 2095 adnotavit3
1309 2020 1408 2080 Unum
1432 2018 1504 2078 mihi
1532 2034 1622 2095 supe·

132 2109 442 2188 mannuquui'illud
460 2116 547 2188 putat
564 2116 668 2171 344343
685 2108 743 2169 sub
761 2107 849 2194 titulo
908 2119 971 2172 rest
992 2111 1186 2172 admonuisse
1217 2119 1315 2173 totum
1337 2112 1447 2174 librum
1468 2111 1622 2190 diligentia

134 2203 339 2282 aenigmatum
354 2247 362 2280 ,
376 2219 454 2281 quac
469 2203 526 2265 suh
543 2203 692 2281 symposii
715 2201 853 2262 teruntur
908 2210 1022 2283 quanta
1043 2204 1151 2265 saltem
1174 2211 1248 2267 tuuc
1260 2207 1342 2283 patui
1356 2206 1526 2266 recensenti
1546 2219 1623 2264 nun-

135 2297 276 2374 3334433,
297 2296 335 2358 33
366 2297 478 2375 quihus
506 2297 566 2358 dixi
588 2296 708 2357 Votum.
728 2295 759 2354 3.
777 2293 851 2354 Bihl.
908 2314 1000 2374 quam
1029 2296 1102 2357 mihi
1124 2301 1292 2359 occurrisse
1313 2299 1542 2359 institutionum
1563 2297 1625 2375 epi-

134 2387 260 2450 Latinae
279 2390 328 2449 lib.
346 2391 394 2450 lii.
415 2407 443 2450 c.
466 2391 492 2451 4.
515 2405 582 2468 pag.
605 2387 674 2452 273.
696 2403 760 2464 seq.
783 2402 854 2446 uec·
909 2396 1032 2465 tomen,
1048 2407 1125 2468 quae
1138 2391 1167 2450 in
1183 2392 1250 2454 aliis
1271 2393 1416 2452 Lactantii
1438 2389 1624 2453 editionibus

135 2480 208 2544 dum
232 2481 379 2544 dictorum
401 2486 554 2562 poenitet,
575 2482 668 2542 etiam
688 2487 852 2559 postquam
909 2482 1013 2543 nullibi
1041 2489 1190 2561 quantum
1212 2485 1293 2561 acio,
1313 2482 1512 2544 desideratur.
1536 2484 1624 2542 Porro

135 2575 193 2652 legi
215 2592 271 2652 ea,
287 2592 365 2652 quac
386 2574 423 2638 ad
447 2593 495 2636 mc
513 2575 627 2654 placuit
643 2574 713 2635 Viro
731 2571 863 2658 0434433.
910 2574 983 2636 haec
1014 2577 1159 2635 Lactantii
1188 2578 1336 2653 epitomes
1367 2593 1463 2653 usquc
1491 2573 1625 2638 adhaec

133 2661 265 2728 scribere
287 2669 316 2728 in
339 2668 455 2752 poecile
480 2684 534 2729 sua
558 2675 631 2728 tom.
653 2665 801 2728 414442.
825 2682 853 2743 p.
908 2673 1011 2728 nostra
1026 2675 1161 2747 43433343
1173 2668 1315 2746 33334313
1330 2668 1417 2730 modo
1430 2687 1468 2729 34
1484 2669 1543 2729 bis.
1557 2665 1623 2727 cod.

134 2760 204 2822 246.
217 2777 282 2839 seq.
292 2777 405 2839 quaeso
418 2762 500 2822 enim
512 2761 564 2840 qui
576 2759 771 2822 Aristarchus
782 2777 852 2823 333-
907 2761 1102 2821 laurinensis
1134 2759 1271 2820 Biblioth.
1300 2763 1415 2839 integra
1436 2760 1516 2819 33443
1538 2765 1623 2819 3343

135 2851 206 2913 3334
226 2867 350 2914 43433444
374 2855 477 2915 3434434
499 2855 652 2932 34443343;
779 2915 780 2920 ,
831 2875 833 2880 ·
908 2852 1031 2928 44434443,
1059 2859 1094 2914 34
1114 2853 1225 2930 3344433
1247 2853 1296 2918 hic
1318 2852 1471 2914 Fabricius
1498 2844 1626 2923 monet}

145 2961 211 3009 liaeo
222 2971 324 3025 quoque
334 2961 478 3022 symposius
492 2957 523 3008 dc
535 2961 650 3011 33434433
660 2959 721 3010 lusit
733 2961 829 3024 inepto.
909 2943 1080 3006 addendum
1124 2951 1225 3006 433433
1249 2949 1417 3008 succurrit
1460 2945 1629 3024 sphalmata

137 3048 220 3109 nulio
238 3056 403 3126 praeeunte
420 3047 502 3110 3333
519 3046 628 3110 Codice
645 3046 855 3128 retingendum
911 3037 1080 3117 quaedam,
1102 3055 1179 3116 quae
1202 3039 1304 3100 eramo
1325 3041 1517 3118 scriptionem
1540 3038 1631 3098 iesti-

141 3155 210 3200 3533
232 3143 295 3202 5102
915 3133 999 3192 nanti
1030 3132 1206 3198 3434334334
1240 3132 1400 3194 33333333
1436 3131 1629 3192 doctissimos

147 3245 538 3307 333333334333333133
551 3245 582 3296 de
594 3249 706 3298 3334443
718 3250 821 3309 ineptos
912 3223 1044 3285 editores
1065 3226 1191 3304 catalogi
1203 3224 1288 3286 cedd.
1300 3227 1380 3287 hiss.
1396 3223 1533 3286 biblioth.
1551 3225 1629 3286 Tau·

139 3333 188 3394 vel
206 3334 274 3410 quis
291 3332 394 3394 credat
413 3349 535 3394 versum
549 3335 737 3396 'secundum
913 3317 1052 3378 44444444·

952 3408 1084 3487 0334343
1097 3411 1243 3472 [33433444
1254 3411 1461 3473 collectionem
1472 3416 1543 3471 ante
1554 3429 1629 3489 qua-

149 3451 742 3568 81444504ΜοοΜσι’ἶωᾱοῃωωψω
913 3507 982 3562 tuor
999 3500 1054 3562 hos
1071 3503 1167 3564 334433
1194 3503 1349 3581 evulgavit
1370 3521 1478 3565 novam
1501 3504 1538 3565 cl.
1560 3505 1627 3565 abb.

139 3556 377 3635 repugnantibus
388 3556 528 3618 ⁰ffi⁰¹b¹¹⁸
542 3556 705 3620 C⁰ffi⁰ib¹¹⁸
720 3555 803 3620 MSS·
816 3555 859 3617 κ’
911 3595 1004 3656 Nicol.
1026 3596 1151 3676 Langlet
1171 3598 1365 3674 Du·Fresnoy
1386 3600 1506 3658 Parisiis
1537 3600 1548 3658 4
1556 3597 1627 3659 748.

144 3649 276 3728 gendum
298 3665 368 3710 ⁰⁸³⁹
758 3757 759 3760 Ἴ
913 3693 986 3747 tom.
1007 3688 1027 3750 2
1047 3689 1078 3748 43
1102 3691 1130 3750 4.
1151 3692 1196 3752 443
1217 3707 1290 3750 4343
1310 3690 1510 3753 distribuitur.
1543 3693 1631 3758 Prae-

149 3767 188 3817 444
200 3779 239 3858 444
251 3770 322 3818 44444
333 3766 508 3830 4444444444
520 3767 600 3819 44444
613 3771 738 3830 44444444
755 3773 768 3817 i
796 3821 797 3826 1
914 3779 997 3842 33344
1013 3789 1131 3844 caetera
1145 3785 1244 3844 omnia
1262 3783 1385 3844 editoris
1402 3784 1545 3862 praelatio
1560 3800 1630 3845 cum

141 3867 260 3930 Sufficit
291 3868 363 3928 mihi
393 3871 517 3946 (contra
559 3884 675 3928 meram
714 3872 767 3930 uiri
806 3871 859 3932 do·
916 3875 979 3932 vita
995 3875 1140 3935 lactantii
1159 3884 1189 3937 34
1207 3877 1389 3936 testimoniis
1406 3878 1568 3954 insignium
1588 3879 1632 3936 vi-

139 3965 180 4022 cti
198 3959 401 4038 conjecturam
432 3959 514 4018 nulla
534 3960 637 4020 nixam
659 3965 857 4039 auctoritate)
912 3965 1063 4026 43433433
1079 3968 1522 4030 iilo.succediteleuchusllss
1536 3969 1628 4031 Godd.

141 4054 292 4134 Symposii
310 4069 420 4112 nomen
439 4051 582 4130 frequens
594 4052 687 4114 inisse
700 4057 796 4119 veteri
808 4073 858 4118 33-
914 4059 1081 4139 Lcctantii,
1103 4062 1155 4139 qui
1174 4063 1203 4121 43
1221 4061 1295 4124 bibi.
1313 4063 1455 4124 Vaticana
1471 4079 1631 4125 33334433-

141 4156 214 4222 4343,
224 4148 304 4208 34334
322 4151 440 4224 3433434
457 4143 525 4204 alibi
544 4150 749 4208 notatosamc
766 4150 858 4212 etiam
914 4157 983 4229 tur,
1000 4159 1032 4212 34
1048 4156 1200 4218 4344344443
1215 4172 1292 4233 quae
1320 4162 1553 4236 praecesserunt
1568 4156 1631 4217 edi-

140 4372 289 4435 dtlipsntsr
307 4370 452 4434 43333443
463 4376 490 4419 et
501 4370 636 4438 plurimas
647 4371 789 4434 Epistulas
801 4372 861 4434 sius
907 4377 1033 4439 lotophia
1047 4379 1226 4442 disputantia.
1243 4383 1407 4444 hieronymus
1426 4385 1451 4432 tn
1469 4383 1551 4432 Galat.
1568 4381 1594 4432 4.
1607 4395 1633 4444 3.

137 4447 274 4509 usquead
296 4446 369 4495 milis
390 4446 483 4507 spatia
507 4457 631 4494 4344344444
656 4450 820 4510 traduntur,
838 4455 864 4498 st
908 4452 964 4503 233.
984 4452 1066 4503 Multi
1082 4466 1131 4515 per
1145 4455 1312 4516 imperitiam
1327 4457 1548 4519 scripturarum,
1563 4456 1634 4519 paud

138 4535 205 4572 raro
222 4521 254 4569 de
270 4527 365 4569 nostro
387 4522 512 4582 dogmate
534 4520 696 4582 disputant,
714 4535 765 4584 quo
788 4525 819 4586 34
834 4529 864 4572 ut
909 4531 933 4573 st
944 4525 1100 4575 Firmianum
1112 4529 1142 4576 ia
1154 4533 1248 4579 octauo
1261 4529 1298 4576 ad
1311 4529 1512 4584 Demetriorsum
1522 4532 1634 4594 Episto-

139 4604 165 4647 st
198 4595 297 4659 tepenti
323 4593 465 4656 fastidium
489 4601 596 4658 penerel
620 4595 780 4660 turpitudo,
797 4604 823 4646 st
840 4599 865 4646 44
909 4599 997 4648 lurum
1025 4600 1094 4649 libro
1118 4601 1203 4664 43344,
1220 4609 1346 4652 asserunt
1364 4605 1530 4666 Spirilums
1553 4619 1634 4668 saepe

141 4681 211 4732 puae
228 4667 319 4720 4434443
333 4677 409 4731 suut,
424 4669 595 4718 scholasticis
610 4672 700 4734 mapis
719 4677 783 4721 sunt
798 4677 865 4734 opta
912 4673 1039 4736 Patrem,
1057 4689 1137 4739 sasps
1156 4675 1257 4726 Filium
1275 4663 1421 4729 nominari}

140 4757 221 4808 psam
238 4741 326 4804 443444,
338 4743 370 4796 tis
384 4745 478 4795 metris
496 4749 522 4794 st
539 4743 681 4807 4334334434
698 4746 790 4798 sitast
804 4743 867 4798 Phi·
