3596 5610
253 99 314 160 ars
431 73 434 80 “
538 48 543 56 ’
689 79 697 94 '
805 94 1129 157 0000000οε

252 201 315 264 sabi
325 200 484 264 00000000·
495 211 610 282 partem
625 205 874 281 posterioramab
891 204 966 265 0060
1061 201 1228 265 0000008
1239 205 1339 265 Zesus
1349 207 1386 266 ab
1399 205 1454 266 00.
1471 205 1554 267 0007.
1569 208 1716 270 Feltrecsis

254 295 387 356 000500
405 313 463 372 000
481 295 619 355 Friderici
637 295 678 356 lll
697 297 759 356 vita
776 297 968 374 potissimum
1025 301 1057 354 et
1083 295 1274 356 bellunensis
1302 298 1467 377 Episcopus
1483 307 1514 360 et
1529 301 1566 360 ab
1581 300 1634 360 00.
1653 301 1717 362 0000

254 388 378 449 uberius
391 387 571 468 describitur
588 400 654 467 pag.
673 389 731 450 537
746 389 815 449 803.
829 389 887 451 Sed
898 390 973 450 Ger·
1025 387 1063 448 ad
1085 387 1173 451 0080.
1198 390 1369 451 Patavinus
1392 393 1515 470 Scripsit
1539 392 1616 454 culto
1631 391 1719 472 'atque

256 481 373 541 manica
393 480 467 542 haec
487 481 617 543 Jaccbus
631 483 761 560 scripsit,
780 498 840 542 non
857 483 971 546 Latine.
1028 481 1120 542 ubere
1135 497 1275 542 sermone
1292 481 1347 544 00.
1360 483 1437 545 0008
1448 485 1541 545 uitam
1550 483 1723 546 CaraliZmi

294 573 463 636 JACOBUS
482 572 708 651 Volaterranos,
725 575 827 635 iacobi
843 575 971 636 0000000-
1026 577 1075 636 avi
1093 575 1161 648 sui,
1179 577 1297 637 Patriaii
1311 575 1517 639 Veneti-lortis
1530 584 1561 638 00
1579 577 1615 639 00
1636 581 1720 640 Patria

256 667 346 726 minei
358 665 536 739 Cardinalis
554 666 591 727 de
606 683 666 744 quo
682 682 775 746 supra
797 668 834 728 ab
855 669 974 746 Epista-
1027 668 1213 728 meritissimi
1225 669 1326 747 Ducis,
1337 667 1472 730 000000
1489 671 1564 732 0330
1577 670 1721 732 deductam

256 759 310 834 lis,
332 759 430 820 Vitam
452 760 570 820 Patroni
592 761 638 820 sui
660 759 717 820 00.
739 759 817 821 0079
838 760 973 820 defuncti
1029 775 1127 838 usque
1149 759 1186 822 ad
1212 761 1333 824 Annum
1352 764 1430 824 0008
1446 761 1612 840 dicavitque
1632 765 1676 823 Pin
1691 764 1722 822 ll.

256 852 377 929 scripsit
397 851 596 930 praemissam
624 852 761 930 ejusdem
782 853 974 915 Commenta·
1029 853 1165 914 Pontifici
1187 856 1324 916 Maximo.
1348 854 1437 916 Edita
1453 861 1500 914 est
1514 859 1543 914 00
1559 863 1636 916 tomo
1652 857 1722 918 lllli.

256 945 308 1004 riis
329 944 479 1004 historicis
503 951 594 1022 atque
625 947 788 1026 0000000000,
810 961 887 1025 quas
909 949 973 1024 ipse
1029 947 1209 1024 scriptorum
1224 963 1324 1007 rerum
1341 946 1507 1008 italicarum
1518 948 1544 1022 a)
1555 947 1723 1011 celeberrimi

255 1045 399 1114 maguam
417 1043 534 1114 partam
555 1038 676 1116 collegit
696 1055 731 1100 ac
752 1038 899 1117 digessit,
912 1039 974 1099 edi·
1027 1039 1188 1114 liuratcrii,
1206 1040 1256 1116 qui
1280 1040 1401 1100 italicae
1422 1041 1599 1099 versionisa
1619 1041 1724 1100 Franci·

255 1137 304 1191 tas
325 1129 479 1190 00000000.
490 1132 567 1192 0500
582 1132 629 1192 iol.
643 1131 782 1194 Condidit
792 1134 884 1193 etiam
902 1149 974 1192 can·
1001 1155 1004 1161 ·
1028 1145 1079 1191 sco
1094 1130 1217 1203 Quirino
1240 1131 1428 1204 adornatae,
1450 1133 1624 1210 saepiusque
1638 1131 1723 1194 editae

255 1225 455 1284 tinuaticnem
476 1223 769 1286 Commentariorum
788 1225 907 1284 Patroni
925 1227 973 1286 sui
1029 1225 1180 1299 meminit,
1201 1221 1605 1302 erroremque'raprehendit
1633 1241 1724 1286 eorum

256 1317 293 1377 ab
303 1314 361 1376 An.
375 1317 387 1376 0
394 1314 452 1376 070
463 1315 500 1377 00
516 1317 594 1378 0080
609 1333 688 1394 0000
699 1324 801 1378 estant
819 1319 848 1376 in
864 1317 975 1379 Codice
1030 1318 1081 1396 000
1099 1329 1208 1378 namen
1233 1319 1364 1379 auctoris
1380 1333 1433 1394 pro
1450 1315 1556 1376 laccho
1577 1316 1650 1376 zeno
1669 1333 1726 1395 pra

248 1396 401 1470 ‘Vaticano
415 1410 494 1470 3903
511 1410 567 1471 000
587 1410 694 1472 titulo:
711 1408 818 1471 Jacobi
836 1411 930 1472 ldallei
948 1412 975 1484 a)
1030 1411 1177 1487 scripsere
1193 1409 1336 1470 loannem
1361 1405 1524 1483 1000000,
1545 1409 1725 1470 Faltreusem

261 1499 439 1578 voluerant,
451 1502 788 1583 Smretariidpostalici
797 1503 976 1564 Diaricrcm
1033 1502 1097 1564 Vita
1114 1501 1232 1564 Nt'eoln'
1245 1499 1402 1581 Albcrpati
1416 1500 1485 1562 0rd.
1511 1499 1644 1563 Canthus.
1664 1502 1726 1562 Gar-

258 1594 322 1656 0000
334 1611 444 1655 rarum
457 1600 614 1674 pertarum
632 1597 922 1660 Commentariorum
941 1595 977 1656 b-
1029 1593 1137 1656 dinalis
1150 1602 1181 1670 00
1200 1596 1340 1674 Episcopi
1364 1595 1557 1656 Bononiensis
1572 1593 1629 1654 00.
1649 1594 1725 1655 0003.

106 1645 111 1658 ⁸
167 1710 174 1718 ·
260 1685 504 1770 bripuiapueub
521 1687 604 1750 00000
618 1687 792 1752 Cardiaclr's
820 1687 976 1770 Papiensir
1030 1687 1175 1762 deiuncti,
1187 1695 1255 1766 post
1267 1686 1428 1748 editionem
1442 1686 1571 1766 Gregorii
1580 1685 1727 1762 Garnaielt,

259 1797 355 1861 00000
369 1781 521 1862 adlimam
543 1783 735 1862 Pontifimtur
758 1783 976 1844 sterilitas
1031 1781 1224 1843 Carthusiani
1257 1780 1360 1843 Colon.
1389 1781 1466 1842 0008
1494 1780 1520 1840 0.
1548 1787 1644 1840 exstat
1665 1793 1726 1840 uum

259 1875 308 1936 his
323 1875 479 1938 diversum
497 1875 638 1936 00000000
650 1874 845 1957 profectionis
867 1875 977 1938 Cardi—
996 1907 998 1912 .
1030 1873 1147 1953 Georgii
1163 1873 1345 1934 llenschanii
1359 1875 1438 1934 notis
1452 1878 1523 1932 tom.
1539 1873 1566 1932 0.
1581 1870 1643 1932 000.
1663 1872 1729 1932 Sun-

257 1964 337 2027 00000
348 1966 505 2048 Papremis
517 1957 548 2028 r'n
561 1968 721 2030 Etruriam
737 1973 768 2028 et
782 1966 900 2030 reditur
911 1969 976 2048 ejas
1029 1975 1102 2029 ctor.
1120 1966 1186 2045 hlajl
1202 1964 1255 2028 lX.
1284 1983 1350 2046 pag.
1377 1967 1439 2027 000·
1461 1961 1526 2025 077.
1545 1963 1653 2024 inedita
1668 1960 1727 2039 ejus

258 2057 300 2118 ad
321 2058 449 2136 000000,
466 2061 546 2139 quod
571 2061 711 2124 laudatur
732 2079 749 2123 a
776 2061 926 2125 Cardinali
945 2065 974 2121 in
1029 2060 1220 2122 celebrantur
1235 2057 1393 2121 Orationes
1405 2059 1503 2119 variae
1519 2062 1552 2118 00
1568 2054 1604 2115 00
1618 2053 1729 2116 Cllrr‘rti

198 2147 202 2156 '
258 2153 393 2231 Epistola
407 2154 445 2214 ad
457 2155 684 2216 Volaterranum
697 2157 808 2234 scripta
824 2172 890 2235 pag.
907 2155 976 2217 300.
1030 2169 1169 2234 corpora,
1196 2151 1232 2214 de
1259 2151 1390 2214 0000000
1416 2147 1724 2226 maeroremque

259 2244 333 2304 Vide
349 2244 477 2306 diarium
498 2246 684 2308 eruditorum
700 2245 802 2309 ltaliae
823 2255 896 2309 tam.
913 2250 977 2310 XV.
1031 2245 1158 2324 opusda
1185 2245 1257 2308 Vitia
1274 2244 1446 2325 0000000000
1461 2245 1576 2302 homa
1598 2242 1626 2302 S.
1648 2242 1724 2300 Petra

261 2355 291 2415 p.
309 2338 368 2400 300
385 2337 443 2399 306
461 2337 529 2399 307.
547 2337 731 2400 *Memorata
748 2341 797 2401 hic
813 2354 831 2401 0
846 2341 979 2402 Fabricio
1033 2353 1131 2417 usque
1148 2338 1186 2400 ad
1198 2339 1385 2402 Clementem
1397 2337 1431 2398 V.
1444 2334 1521 2414 0000
1536 2333 1632 2396 laudat
1647 2336 1728 2394 etiam

260 2433 358 2492 Diaria
382 2430 558 2509 prodierunt
570 2421 648 2494 itura
674 2439 705 2493 et
724 2450 814 2512 opera
831 2435 869 2494 ol.
885 2437 982 2496 Mura—
1034 2431 1218 2493 Trithemius
1234 2449 1260 2493 a.
1276 2432 1345 2493 805.

260 2515 338 2598 tcrii,
355 2542 393 2586 ex
410 2525 521 2603 quibus
535 2525 657 2586 tandem
669 2526 873 2588 intelleximus
892 2545 978 2589 excr-
1027 2527 1030 2536 ’
1074 2524 1242 2586 JACOBUS
1258 2523 1417 2586 Ziacdclna
1434 2525 1508 2602 (sina
1528 2521 1600 2598 dola)
1621 2521 1729 2581 Placen-

260 2617 343 2678 dium
370 2617 488 2678 illorum
517 2623 666 2680 statutum
693 2633 762 2680 esse
787 2619 825 2679 ab
850 2620 976 2682 authore
1036 2617 1204 2679 tinusOrd.
1222 2617 1324 2679 Praed.
1342 2621 1420 2678 circa
1437 2616 1493 2677 00.
1509 2614 1730 2677 000000000οἰ-

194 2757 198 2763 .
261 2723 317 2772 000
334 2726 393 2770 000
409 2710 531 2788 quidem
553 2727 667 2775 aunum
695 2713 773 2773 0070
795 2712 848 2773 000
864 2729 980 2776 annum
1041 2709 1083 2770 hil
1097 2710 1176 2790 apud
1188 2712 1384 2786 sitammam,
1395 2711 1545 2783 Quetiium
1559 2716 1580 2768 t.
1594 2707 1620 2769 0.
1632 2726 1657 2786 p.
1667 2707 1727 2766 770.

259 2804 360 2881 potius
375 2801 464 2864 0070.
478 2805 559 2864 Finis
573 2821 646 2866 vera
662 2805 741 2868 idem
756 2813 803 2865 est
814 2822 904 2885 quem
917 2823 980 2868 om·
1035 2803 1171 2883 aliosque
1195 2805 1354 2869 memorari
1372 2803 1459 2865 videa
1484 2819 1572 2886 quam
1589 2803 1730 2864 Sermones

260 2911 316 2956 nes
328 2897 525 2976 assignarunt
539 2895 628 2959 0080.
638 2900 818 2962 hluratorius
828 2907 930 2960 autem
948 2903 977 2962 in
1034 2903 1066 2958 et
1083 2896 1263 2961 Collatinum
1277 2897 1313 2960 de
1328 2903 1458 2979 tempore
1470 2895 1544 2959 etde
1556 2894 1674 2959 samus.

260 2989 445 3067 praelatione
472 2988 510 3050 ud
527 2989 664 3052 eamdem
690 2991 844 3052 historiam
867 2996 980 3054 evincit
1073 2986 1727 3073 thcosotiitssuprasacobmmsaeaem.

257 3079 402 3144 Jaccbum
414 3082 520 3143 hunca
532 3082 644 3144 llaileia
655 3081 766 3144 tamilla
780 3098 904 3163 prorsus
913 3087 983 3148 alie
1075 3085 1281 3150 0000000808
1302 3087 1463 3148 obsidionis
1481 3103 1499 3147 a
1517 3084 1633 3146 Venetis
1649 3080 1727 3141 0000

259 3191 333 3236 num
345 3191 423 3251 esse,
438 3191 621 3255 quamquam
638 3176 809 3239 Volaterras
819 3179 923 3241 habuit
930 3197 982 3259 pa·
1037 3177 1115 3240 0305
1137 3196 1200 3259 seq.
1222 3181 1348 3242 Historia
1375 3180 1458 3240 libris
1474 3177 1587 3239 duobus
1605 3174 1640 3236 ab
1655 3175 1727 3234 000

259 3269 363 3344 triam,
374 3285 451 3348 quae
472 3275 504 3330 et
523 3269 656 3347 Mallajae
673 3272 801 3350 familiae
817 3271 906 3334 sedes
922 3282 979 3336 est.
1036 3289 1129 3352 nyma
1140 3281 1262 3336 anctore
1279 3289 1390 3336 coaevo
1403 3274 1512 3351 scripta
1522 3275 1618 3332 exstat
1626 3265 1660 3328 ad
1675 3266 1726 3326 000-

300 3359 469 3423 JhCOBUS
482 3359 518 3423 de
545 3363 710 3442 Vorapme,
729 3381 821 3444 supra
849 3363 980 3428 Jacodur
1033 3382 1100 3427 com
1118 3369 1162 3428 Jo.
1178 3370 1261 3430 Lucii
1278 3385 1331 3430 sex
1353 3365 1492 3427 librorum
1510 3362 1546 3422 de
1568 3357 1725 3438 00000001-

259 3453 295 3516 de
319 3455 468 3536 7000000,
871 3489 876 3504 ·
1034 3461 1343 3522 matiaeetCroatiae
1363 3449 1724 3531 matiscentium?

298 3549 469 3614 tuccetis
481 3549 518 3613 de
537 3550 724 3614 0000000000
740 3553 904 3616 ldonachus
921 3557 980 3618 Lu·
1033 3551 1224 3614 0000100000
1237 3556 1362 3616 Lucium
1376 3554 1425 3615 lib.
1437 3552 1484 3612 lv.
1499 3566 1524 3610 0.
1539 3550 1610 3626 000.
1622 3545 1725 3618 ilisa·

258 3642 445 3704 naelaeensis
464 3645 536 3706 000.
558 3644 710 3707 Benedici.
738 3645 900 3708 defunctus
920 3647 977 3708 00.
1070 3644 1279 3712 JANNOTlUS
1294 3647 1359 3708 sive
1383 3644 1549 3708 JANETUS
1570 3641 1722 3704 0000000.

258 3735 338 3796 0080
354 3754 446 3815 quam
467 3738 554 3818 aiunt
574 3745 619 3800 tot
641 3741 870 3819 transcripsisse
892 3740 978 3802 volu·
1030 3736 1221 3799 Florentinus
1238 3741 1268 3799 in
1287 3741 1381 3820 putria
1398 3739 1521 3800 Senator
1536 3741 1566 3794 et
1582 3732 1635 3794 00.
1655 3725 1722 3790 ilbi

257 3829 348 3908 mina,
363 3847 441 3909 quae
458 3847 514 3893 sex
531 3833 601 3913 eqni
626 3833 713 3894 alecti
731 3836 782 3894 vix
801 3834 975 3896 sufficerent
1029 3833 1162 3909 equestri
1174 3831 1318 3912 dignitate
1329 3838 1452 3894 ornatus
1463 3846 1480 3890 a
1491 3827 1604 3889 Nicolao
1615 3825 1645 3884 V.
1658 3823 1721 3882 Pon-

258 3921 387 4001 trahare,
405 3925 454 3986 vel
476 3926 579 3986 tortior
593 3941 702 3986 currus
714 3925 799 3988 lerre.
818 3926 892 3988 Vide
904 3929 975 3989 Ber·
1028 3923 1117 3986 tiliae.
1133 3926 1232 3986 Vitam
1249 3929 1377 3988 00000000
1396 3923 1432 3986 ab
1448 3923 1505 3984 00.
1522 3920 1596 3982 0300
1613 3933 1667 3994 000
1678 3929 1723 3974 ua

257 4015 342 4076 nardi
358 4017 416 4078 Per.
432 4019 527 4097 prael.
540 4017 578 4080 ad
597 4025 618 4077 t.
638 4019 652 4078 0
673 4018 850 4082 huecdctor.
866 4039 895 4101 p.
909 4023 957 4082 lV.
1028 4022 1080 4080 tus
1099 4026 1148 4079 est
1163 4019 1202 4081 ud
1216 4022 1295 4082 0000
1311 4036 1372 4100 000
1388 4023 1456 4097 post
1472 4017 1538 4076 XX.
1556 4014 1666 4074 circitor
1679 4023 1723 4086 ge·

295 4107 464 4172 0000008
485 4109 710 4188 vrbeeeraaar,
729 4127 822 4193 supra
844 4111 975 4175 1000000
1029 4117 1092 4172 stas
1109 4111 1294 4190 legationes,
1317 4112 1390 4173 obiit
1404 4107 1544 4187 Neapoli,
1566 4106 1721 4182 scriptume

255 4200 375 4262 Scalae.
1030 4208 1097 4265 cive
1111 4207 1205 4283 ipsius
1219 4204 1319 4268 Naida
1331 4202 1446 4280 Naidio,
1463 4200 1595 4280 vulgavit
1610 4196 1641 4256 0.
1653 4192 1716 4256 0730

296 4293 464 4357 JACOBUS
490 4296 754 4379 Wimplrelinpiua,
781 4299 857 4360 inira
883 4301 977 4362 Will-
1030 4297 1230 4360 celeberimus
1245 4299 1424 4360 liuratorius
1446 4303 1525 4354 tomo
1548 4292 1612 4352 XX.
1632 4299 1722 4348 rerum

257 4381 492 4450 PllELlNGllls.
1028 4389 1220 4452 italicarum:
1238 4397 1353 4452 etanta
1372 4387 1562 4452 liuratcrium
1583 4383 1635 4444 lin.
1652 4377 1721 4441 0700

1026 4482 1141 4544 clariss.
1156 4487 1349 4545 Burmannus
1372 4489 1444 4542 tom.
1461 4481 1512 4539 lX.
1528 4477 1653 4538 thesauri
1670 4473 1722 4532 iu-

253 4531 975 4679 ..00000000000000
1026 4576 1082 4638 o
1097 4583 1182 4656 00
1196 4577 1216 4638 ⁸
1231 4584 1264 4637 a
1277 4575 1412 4653 000
1428 4568 1721 4644 vocabamur

254 4685 311 4722 rum
326 4684 400 4736 geute
415 4689 497 4734 ortum
514 4698 649 4744 censurat.
665 4695 727 4747 Vide
752 4702 864 4752 niarium
892 4705 974 4756 erudi-

254 4751 336 4795 tnrum
353 4748 437 4800 ltaliae
455 4758 512 4807 tarn.
530 4763 578 4811 xv.
596 4777 652 4828 pag.
669 4770 723 4820 500.
1068 4775 1094 4834 a)
1111 4773 1248 4826 nembrod.
1267 4773 1338 4824 0730.
1356 4784 1414 4834 000.
1428 4771 1483 4822 001.
1502 4781 1553 4830 000·
