3562 5582
180 83 220 144 12
688 70 689 74 ¹
760 83 1105 148 ultusultus

180 189 320 252 Gallredo
340 191 504 270 leguntur,
519 193 663 269 scriptore
691 189 851 269 profitente
871 210 904 255 00
960 211 1024 255 rem
1042 195 1210 256 tabularum
1229 192 1359 267 44040004,
1374 193 1483 270 qulbus
1499 195 1667 258 versellam

182 299 237 346 nec
274 283 377 346 lectori
411 285 489 346 velle
522 283 700 346 subtrahere
729 283 903 350 4440040000
960 288 1080 360 mutim,
1096 290 1126 348 in
1147 287 1363 349 recentioribus
1387 289 1575 368 potissimum
1595 293 1670 348 4040-

176 377 384 440 narrationem
404 395 487 458 quae
503 395 602 458 nuper
627 375 664 438 de
684 377 860 440 4004000400
878 381 903 456 4)
958 381 1081 458 poribus
1098 379 1240 458 adjuncta
1256 383 1385 460 pretium
1403 381 1579 460 adjungunt.
1596 379 1668 442 Vide

182 471 215 532 40
224 469 365 532 Latinam
378 469 530 532 hasalam
541 476 594 546 est,
606 471 681 534 haee
695 487 754 533 uon
770 479 904 551 possunt
958 475 1105 535 loannem
1121 475 1245 536 Baleum
1268 475 1293 534 ll
1307 515 1319 548 ,
1331 475 1379 534 80.
1406 476 1543 546 vossium
1564 469 1601 534 de
1628 473 1671 532 hi·

185 581 254 626 esse
275 581 293 626 0
310 565 463 644 sigeberto
481 565 531 626 illo
547 567 599 643 qui
630 564 689 626 An.
721 566 798 629 4443
821 565 901 628 diem
957 568 1075 628 storicis
1093 570 1156 628 Lat.
1173 583 1239 646 pag.
1259 567 1337 640 449,
1360 584 1423 645 seq.
1447 568 1576 628 Pitseum
1595 583 1668 645 pag,

182 659 273 732 obiit,
292 675 348 718 nec
364 659 507 735 leguntur
521 660 552 720 iu
569 659 670 722 Veteri
683 659 792 724 Codice
807 661 838 722 S.
853 660 902 718 lli-
957 659 1017 723 247
1033 667 1065 721 04
1078 663 1167 722 toan.
1183 661 1319 722 Priscum
1344 662 1374 720 in
1392 661 1535 722 Historiae
1558 661 1670 720 804400-

180 754 273 812 040οἰ0
301 751 497 828 Parisiensis,
525 759 559 813 ut
590 759 722 820 testetur
749 755 901 816 Antonius
959 755 1045 815 nicae
1059 752 1242 828 defensione,
1262 753 1354 816 hond.
1368 753 1468 832 44744)
1485 755 1513 815 4.
1527 755 1679 814 loannem¹

184 846 279 920 440400
297 846 326 906 40
345 845 438 923 prael.
454 846 491 906 04
506 845 668 907 editionem
686 847 834 926 sigeberti
844 849 903 926 pri-
958 845 1123 922 Lelandum
1136 848 1166 908 40
1181 847 1348 920 assertione
1359 845 1472 922 llrturi,
1489 846 1582 908 hond.
1594 845 1667 909 tdll

182 955 273 1012 mam,
290 940 384 1010 Paris.
402 939 538 1015 solut.
556 939 637 1018 apud
654 942 687 1002 ll.
712 939 900 1020 Stephanum
959 941 986 1000 4.
1005 940 1198 1002 lambecium
1215 941 1327 1002 mma.
1341 941 1417 1002 Bibl.
1432 939 1557 1002 Vindoh.
1573 956 1601 1018 p.
1613 939 1666 1000 468

182 1048 294 1092 avum:
312 1030 368 1092 sed
386 1031 529 1095 videntur
546 1029 649 1098 addita
666 1033 794 1094 40040000
810 1049 828 1094 0
845 1035 902 1094 llo·
958 1050 1022 1112 seq.
1041 1039 1073 1094 et
1084 1033 1162 1096 Guil.
1178 1033 1369 1125 Nicolsonum
1388 1034 1417 1093 in
1433 1031 1613 1094 Bibliotheca
1628 1031 1669 1091 hi·

179 1125 264 1186 hertc
282 1124 321 1184 de
341 1127 441 1186 Monte
458 1126 511 1203 qui
528 1125 718 1204 sigebertum
744 1128 902 1188 continua·
960 1128 1070 1188 sterion
1081 1126 1227 1205 hugliee,
1241 1125 1366 1205 Anglice
1383 1125 1462 1187 edita
1474 1143 1541 1205 pag.
1554 1125 1593 1188 ar
1603 1124 1670 1186 edit.

179 1220 234 1277 vit.
263 1219 310 1278 Eu
334 1218 468 1280 Gueiridl
496 1219 684 1296 Anaphensis
701 1220 841 1298 Episcopi
863 1218 901 1279 40
957 1221 987 1279 40
1009 1219 1057 1280 404.
1074 1218 1160 1291 Quod
1177 1235 1249 1280 vero
1279 1220 1399 1288 Pitseus
1424 1219 1527 1280 scribit
1559 1235 1577 1279 0
1602 1219 1672 1279 ltet-

180 1311 273 1386 rebus
284 1311 466 1374 Britannicis
476 1311 585 1373 Codice
598 1311 741 1374 Vaticano
758 1311 818 1373 4444
835 1328 902 1372 nar·
960 1312 1049 1372 thaso
1060 1313 1143 1374 Paris
1154 1311 1328 1373 Gallredum
1337 1312 1480 1391 appellari
1487 1311 1673 1392 marpmlem

182 1408 329 1468 rationem
359 1403 394 1464 de
410 1407 441 1466 S.
469 1402 580 1466 4400040
595 1405 688 1468 refert
704 1405 850 1468 Batonius
865 1402 904 1464 04
955 1401 1049 1482 Mam
1064 1447 1071 1480 ,
1088 1407 1155 1466 0400
1171 1411 1207 1466 04
1223 1404 1303 1483 apud
1320 1405 1510 1466 Nicolsonum
1534 1411 1608 1479 004,
1630 1401 1673 1463 40·
1728 1469 1731 1474 ,

180 1498 370 1576 llarty'rolog.
389 1499 473 1558 llam
492 1499 525 1559 44
549 1495 672 1564 Octobr.
692 1502 724 1558 et
750 1503 855 1558 tuetur
873 1497 903 1562 ln
960 1501 1121 1576 amasam
1147 1515 1277 1575 000000,
1307 1497 1387 1576 apud
1405 1487 1590 1560 ¹llatthseum
1616 1513 1673 1558 non

184 1592 353 1653 Annalibus
370 1591 408 1652 ad
425 1591 548 1654 Annum
566 1592 624 1654 383
642 1607 674 1650 0.
695 1591 723 1664 3,
742 1605 804 1667 seq.
819 1591 904 1653 44000
960 1593 1084 1669 reperio.
1102 1594 1228 1656 Caetera
1246 1594 1358 1671 scripta
1375 1608 1453 1671 quae
1469 1589 1607 1653 Gallredo
1625 1593 1675 1649 404-

181 1687 357 1764 soriptorem
375 1683 569 1748 cambdenus
594 1687 624 1744 in
654 1684 807 1746 Britannia
835 1699 902 1761 pag.
961 1683 1114 1760 huuntur',
1132 1685 1206 1748 haee
1220 1693 1316 1750 sunt:

185 1781 243 1842 446
262 1784 350 1840 vocat
360 1777 463 1840 040000
476 1793 551 1838 sane
561 1775 753 1856 antiquitatis
767 1772 839 1838 4000
851 1792 906 1854 pe-
1001 1779 1104 1839 Versio
1121 1775 1353 1857 Prophetarum
1369 1780 1410 1854 0).
1423 1773 1586 1838 Ambrosii
1596 1777 1675 1838 4400-

184 1875 278 1934 ritum
293 1917 300 1946 ,
317 1869 370 1933 sed
382 1869 441 1951 fide
467 1876 502 1956 ut
524 1869 646 1932 uidetur
656 1915 666 1946 ,
686 1867 903 1949 macariana,
960 1867 1017 1931 4404
1025 1869 1065 1932 04
1073 1869 1280 1934 Alexandrum
1297 1871 1397 1950 Episc.
1408 1869 1596 1934 Lindensem
1607 1869 1672 1930 sive

184 1973 226 2028 404
240 1965 375 2030 Milesiae
391 1980 489 2044 cupas
509 1963 685 2045 pausarem
708 1962 825 2042 inpenso
849 1977 904 2022 suo
961 1963 1212 2038 Liocoloiausem.
1386 1969 1387 1972 ’
1592 2025 1595 2032 ,

187 2058 350 2120 deterserit.
362 2060 489 2122 84040400
500 2061 590 2118 etiem
604 2055 643 2118 de
657 2055 818 2129 (leufredo,
834 2062 905 2116 ente
1005 2057 1071 2118 Vita
1086 2055 1209 2120 44004404
1223 2053 1378 2119 (4040040044
1391 2059 1460 2134 (000
1469 2055 1676 2135 Chalcedonii,

185 2151 414 2226 Gamhdeonm,
434 2157 474 2214 ‚et
499 2150 537 2211 40
561 2149 619 2212 tide
642 2149 709 2226 ejus
735 2149 904 2211 Guilelmus
960 2157 995 2212 ut
1015 2147 1094 2229 apud
1113 2151 1256 2210 Wicnum
1274 2153 1346 2210 tom.
1365 2151 1393 2210 2.
1412 2165 1477 2227 pag.
1503 2147 1582 2223 874.)
1605 2149 1678 2209 Gar-

182 2246 406 2324 Neuhurgensis
424 2245 453 2304 in
471 2244 621 2322 prooemio
643 2257 716 2304 suae
734 2242 903 2312 Historiae,
960 2245 1041 2304 mine
1057 2242 1095 2304 04
1116 2235 1284 2304 Roberturn
1301 2242 1554 2304 Lincolniensem.
1577 2291 1581 2298 .

183 2339 233 2400 uhi
255 2345 376 2413 narrata
391 2337 429 2398 40
450 2337 583 2400 Arthuro
600 2341 632 2396 et
648 2335 763 2396 llerlini
786 2332 903 2396 divina·
992 2332 1671 2415 Commentariusinpropbctiasdlerliniatrs'a-
1749 2329 1751 2332 ’

184 2435 277 2504 44000,
294 2433 475 2492 commentis
491 2435 523 2490 et
540 2428 664 2490 fallaciis
678 2425 829 2488 adscribit.
857 2427 904 2490 Si·
960 2443 1053 2508 sque.-

184 2525 367 2586 milestoan.
382 2519 627 2584 withmanstedii
639 2527 671 2582 04
683 2520 903 2580 4000040404-
997 2519 1046 2580 Ad
1061 2519 1239 2582 Gualterum
1257 2522 1460 2583 oxoniensem
1485 2519 1677 2582 Archidtaco

185 2620 214 2676 ni
236 2616 274 2676 de
294 2615 444 2676 Gaulredo
470 2629 617 2678 censuras
639 2612 726 2674 affert
750 2613 903 2688 negamus
960 2631 1034 2674 unm
1051 2657 1058 2690 ‚
1074 2615 1236 2693 Epistulae.

184 2708 297 2768 Whear
313 2707 454 2770 methodo
471 2706 589 2785 legendi
610 2705 752 2765 historias
768 2709 842 2764 sect.
862 2703 901 2764 28
996 2706 1040 2766 Dc
1060 2705 1154 2770 emilia
1170 2704 1467 2784 amusaeterum.
1534 2775 1536 2780 ,

183 2795 312 2879 quorum
339 2802 387 2862 ille
408 2802 556 2880 poeticum
569 2797 670 2878 potius
691 2812 756 2858 esse
776 2798 901 2876 scripto·
999 2801 1036 2862 40
1050 2798 1255 2880 frapmeutnm
1283 2797 1399 2862 Gildas.
1416 2801 1445 2876 h)
1462 2801 1555 2878 lnnip.
1574 2798 1677 2860 4444400

185 2911 355 2974 remquam
371 2893 561 2968 4404004000,
579 2893 628 2960 hia
654 2890 818 2952 Homerum
833 2888 902 2949 liri-
955 2892 1007 2957 040
1019 2892 1147 2971 praedis
1161 2891 1354 2954 auctoritatis
1371 2893 1402 2954 40
1413 2891 1550 2954 historia.

185 2987 337 3046 40004000
353 2994 385 3045 04
401 2985 758 3063 mendaciorumpntrem
773 2999 841 3046 esee
852 2981 901 3060 ju·
997 2986 1119 3051 44400004
1127 2984 1248 3066 pencris
1258 2983 1413 3048 00000400.

184 3078 533 3157 dicat.Fahulosamejus
545 3079 701 3142 historiam
714 3082 802 3136 vocat
812 3077 902 3137 etiam
996 3084 1177 3144 44000οο0400
1202 3080 1293 3140 etium
1315 3077 1387 3142 ,0440
1411 3076 1544 3140 Artham'
1565 3079 1673 3158 440940,

185 3172 327 3233 Barthius
341 3170 378 3231 ad
396 3173 549 3234 Britonem
566 3187 634 3250 pag.
647 3169 715 3232 552.
729 3167 788 3230 Sed
805 3185 843 3230 es
861 3171 906 3226 in·
957 3175 994 3234 ab
1010 3172 1149 3234 Gallredo
1177 3173 1310 3250 scripte,
1329 3170 1384 3231 sed
1400 3170 1439 3232 de
1463 3171 1614 3247 40440400,
1631 3171 1677 3232 di·

183 3268 271 3341 genio
289 3281 344 3324 suo
361 3267 574 3326 interseruisse
587 3262 703 3326 tabulas
718 3267 830 3339 negant
848 3263 903 3322 viri
953 3273 1039 3330 cuum
1059 3265 1097 3326 ab
1114 3265 1163 3328 illo
1181 3265 1212 3324 in
1228 3262 1397 3339 Chronico,
1414 3265 1494 3332 sieut
1505 3263 1542 3324 40
1553 3265 1674 3326 merlino

183 3356 283 3431 docti,
305 3365 336 3416 04
358 3359 554 3438 interpretem
576 3357 679 3434 potius
707 3370 798 3432 quam
823 3353 905 3414 ficta
958 3374 1087 3438 quoque.
1106 3356 1346 3421 VideOudinum
1364 3363 1436 3420 tom.
1452 3357 1490 3431 2,
1507 3373 1572 3436 pag.
1588 3357 1675 3418 4444.

1000 3453 1086 3516 Liber
1102 3451 1139 3512 de
1154 3467 1281 3531 corporo
1294 3455 1324 3512 04
1335 3448 1481 3528 00090400
1494 3448 1613 3512 Domini
1623 3449 1674 3512 ha·

225 3524 255 3586 l)
271 3528 300 3574 lu
316 3524 474 3587 praelatione
500 3528 620 3576 miratum
648 3537 675 3574 00
699 3526 736 3574 044
764 3522 909 3584 saltarum,
960 3548 1012 3608 bet
1028 3547 1130 3624 potius
1149 3550 1304 3611 amtorem
1331 3543 1553 3606 GUILELMUM
1580 3541 1677 3602 Abba,
1770 3553 1775 3560 ·

179 3607 204 3648 ct
220 3600 295 3649 Bada
312 3601 341 3648 40
359 3599 568 3650 Commentariis
587 3599 646 3648 suis
672 3599 741 3649 04444
768 3597 909 3660 prodistis·
1225 3639 1229 3648 .

180 3679 241 3723 sent
255 3675 288 3722 de
305 3671 419 3737 ltspidus
436 3673 483 3735 qui
511 3679 575 3722 ants
590 3674 814 3724 incarnationem
831 3673 908 3722 chri-
960 3649 1022 3702 ‘0¹¹¹
1037 3640 1068 3702 S·
1085 3636 1231 3698 Th⁹⁰d⁰s¹
1248 3637 1285 3697 ad
1304 3637 1422 3698 ΜΝ
1455 3679 1461 3696 ·

179 3751 217 3800 004
232 3749 408 3798 Britanniam
433 3745 668 3803 inhabitaverunt.
688 3726 758 3800 04444
773 3749 855 3798 etiam
876 3747 909 3796 ds
997 3731 1225 3795 GALFREDUS
1240 3727 1277 3790 440
1292 3731 1389 3792 Mattio
1408 3727 1508 3790 Abbus
1528 3727 1558 3787 S.
1577 3727 1673 3786 Hono·

177 3821 299 3876 Arthurn
312 3822 639 3886 aliisquscomplurihus:
656 3825 733 3876 Talia
748 3823 911 3888 4044000444
958 3829 1033 3900 pati,
1050 3824 1140 3902 cujus
1162 3826 1336 3885 Tractatum
1351 3821 1387 3884 (14
1409 3823 1552 3900 pompato
1575 3824 1603 3880 gr
1618 3811 1675 3878 (iu.

178 3905 205 3948 et
220 3900 252 3946 ds
271 3897 371 3948 4044400
395 3897 532 3948 multoties
562 3899 695 3962 capitanii
711 3897 809 3950 obtulit
828 3899 909 3950 Gut-
958 3911 1501 3982 emt-momwdifflmmgmnl
1520 3911 1675 3974 403108,
1703 3951 1708 3962 ,

179 3973 290 4024 rurus
305 3971 550 4034 Ononiosardeasis
561 3972 794 4034 archidiaconus,
811 3974 854 4022 uir
878 3973 908 4020 40

179 4047 308 4098 00040040
333 4053 394 4097 0040
408 4054 490 4110 atque
514 4049 544 4097 40
568 4049 686 4098 eaots'ets
701 4049 840 4099 tttssorsts
865 4048 909 4096 in·
956 4016 1010 4076 444ῑί

1026 4019 1174 4102 memorat
1185 4009 1339 4073 Sandorus
1349 4007 1396 4068 lll.
1408 4005 1580 4066 ltihliotheo.
1591 4007 1674 4068 MSS.

177 4122 293 4184 04004400
308 4123 450 4188 eruditus,
468 4125 602 4186 00004000
626 4124 785 4176 Britannici
804 4137 906 4175 000000·
956 4107 1048 4184 belgii
1065 4122 1130 4184 pag.
1151 4105 1197 4163 39.
1216 4106 1268 4182 qui
1286 4102 1401 4179 incipit:
1415 4098 1493 4175 Quia
1506 4097 1669 4160 4444000004-

177 4197 223 4246 040
238 4195 336 4248 ls'brum
354 4200 583 4260 uetustissimum,
600 4200 646 4261 qui
662 4212 679 4249 a
697 4201 784 4250 Bruto
813 4200 907 4249 440440-
955 4195 1062 4259 nullos,
1087 4199 1125 4257 Er
1141 4195 1301 4276 mamam
1327 4195 1428 4258 nescio
1445 4209 1483 4254 an
1501 4193 1606 4254 eodem
1623 4209 1673 4253 flu.

177 4283 242 4320 ”m
257 4272 327 4334 Μ’
341 4275 429 4337 ”mm
445 4285 529 4337 “⁹¹⁴⁶
544 4274 582 4322 Μ
597 4273 811 4324 “mmmm
821 4271 906 4336 imm
955 4299 1051 4366 ctare,
1061 4287 1262 4352 Hserarclriae
1272 4285 1462 4350 subcoelestis
1477 4285 1556 4346 inter
1568 4285 1671 4350 Ortho-

178 4346 906 4497 4440004044404440444
956 4383 1098 4461 imm,
1128 4381 1313 4447 0000
1344 4385 1373 4442 a
1411 4377 1670 4442 00000.

178 4495 302 4559 ponebat.
319 4498 426 4560 liupatu
449 4499 534 4561 ipitur
558 4497 635 4554 444400
658 4497 771 4555 ductus,
795 4495 905 4544 40000004
958 4475 1253 4558 incipit21tt8iuttit'a
1268 4489 1335 4534 meu
1345 4471 1533 4552 qttttit'dt'atta.

176 4572 253 4619 40400
271 4571 377 4620 alienos
393 4571 514 4622 hortulos
528 4571 672 4635 phalerata
688 4571 768 4622 uerbo
783 4583 840 4619 000
853 4569 906 4618 eol·
997 4571 1014 4608 4
1030 4570 1160 4632 Galfpedj
1182 4570 1271 4630 huius
1288 4573 1436 4628 tractatus
1447 4583 1538 4653 super
1549 4568 1672 4627 materia

178 4646 311 4709 leperim,
327 4646 432 4710 curasti
447 4647 518 4709 stylo
535 4647 705 4710 propriisque
718 4645 832 4696 00400040
844 4657 905 4696 000·
1041 4677 1043 4682 .

179 4727 277 4782 000400,
290 4721 413 4773 Codicum
424 4721 540 4771 illumin
549 4722 656 4772 barium
667 4735 814 4772 sermonem
826 4729 903 4771 4000·
994 4716 1021 4780 0)
1037 4714 1130 4765 uadem
1145 4713 1207 4766 haec
1224 4725 1289 4777 quaa
1306 4715 1332 4762 ln
1349 4713 1455 4764 historia
1470 4712 1515 4764 lib.
1533 4717 1573 4763 lv.
1590 4711 1664 4774 (vll.)

178 4795 366 4858 sier-recuravi
379 4802 427 4846 etc.
616 4791 624 4838 '.
852 4795 859 4805 '
997 4791 1026 4852 h)
1043 4789 1215 4840 lirratus-ium
1235 4787 1331 4841 44440400
1347 4791 1451 4846 4440000
1467 4787 1584 4850 appellat.
