3608 5604
788 20 1010 84 LULMAS
1308 37 1310 46 ‘
1581 27 1641 89 575

148 130 288 194 xxlllll.
306 146 334 209 p.
357 127 406 190 33.
426 127 583 188 Memoriae
603 128 792 190 irevoitinas
809 131 866 192 dn.
922 127 964 190 ad
983 127 1090 190 Deum.
1123 129 1201 191 44444
1228 131 1339 209 pariter
1370 138 1521 211 postrema
1553 131 1674 212 opera

152 225 243 288 4722.
261 242 288 304 p.
311 221 398 286 2023.
421 224 463 283 iio
484 217 634 300 Cilpmr'cr's
665 221 732 298 ejus
748 223 868 303 scriptis
923 225 1166 302 typisexcusain
1183 225 1281 286 iucem
1299 226 1450 304 prodiisse
1464 239 1502 288 ex
1514 227 1641 290 aliorum

148 316 324 382 consulendi
337 314 588 378 Bibliothecarum
603 315 783 378 Medicorum
797 318 869 378 scri·
925 317 1111 394 inspectione
1131 319 1163 378 P.
1180 317 1327 380 Gandoiio
1344 322 1484 382 affirmat.
1506 323 1537 361 *=

148 419 251 492 ptores
279 409 462 482 Lindenius,
483 408 665 482 neritinus,
692 412 867 490 iiiengeius:
964 411 1091 472 tumuli
1105 410 1252 487 Animae,
1267 430 1359 492 supra
1373 461 1380 491 ,
1396 423 1467 476 tom.
1485 419 1499 479 i
1516 435 1543 495 p.
1559 419 1627 480 35i.

149 513 216 567 tum
244 504 337 564 Oiaus
357 501 529 566 Borrichius
549 504 578 561 in
600 509 763 580 conspectu
792 506 866 564 scri·
964 505 1267 569 LUNEBURGENSE
1283 509 1495 571 Cironr'conin
1512 512 1643 591 Corpore

145 605 267 680 ptorum
295 597 505 658 Chemicorum
532 601 671 674 postumo
699 597 728 676 ξ.
753 594 866 658 4444444.
921 602 1100 679 scriptorum
1120 601 1209 662 medii
1231 605 1296 664 aevi
1318 605 1364 664 io.
1382 605 1500 685 Georgii
1516 607 1642 667 Eccordi

146 709 192 770 sq.
221 693 264 752 De
285 687 495 751 4444444440
516 686 552 750 ds
571 689 729 768 Terram,
750 691 800 768 qui
829 708 866 752 er
922 696 965 756 cl
989 712 1017 773 p.
1037 695 1218 756 43444442.
1237 697 1290 757 sed
1307 698 1485 760 Germanice
1497 702 1642 778 scriptum

149 785 351 848 Hebraeorum
372 783 504 844 4444444444
524 781 704 861 Neophytos
726 783 869 845 Christia-
921 805 981 848 non
1004 791 1107 850 Latine
1128 789 1165 850 ab
1182 791 1217 850 li.
1235 789 1305 853 744.
1324 791 1360 852 ad
1380 793 1468 855 4244.
1486 793 1528 852 ile
1546 795 1645 854 liona-

151 893 211 938 nus
231 875 375 938 librorum
396 875 433 938 de
455 876 580 936 secretis
601 875 809 946 Naturam-de
826 877 867 938 ai·
917 883 1011 944 sterio
1033 883 1258 962 Luneburgcusi
1272 887 1357 961 inira,
1371 887 1476 949 ullo
1489 883 1642 966 Kilitzinp.
1675 903 1679 908 ’

149 969 290 1048 chymia,
312 976 343 1028 et
364 968 401 1028 da
424 970 610 1030 invocatione
630 970 810 1042 daemonum
835 977 866 1032 et
962 975 1145 1038 4440444448
1166 975 1344 1041 descendens
1367 980 1398 1040 in
1419 997 1587 1056 avernum,
1606 984 1643 1042 ti·

148 1079 282 1123 erromm
301 1061 359 1122 illis
375 1067 583 1122 contentorum
600 1066 707 1123 'auctor
724 1079 741 1123 a
762 1064 866 1124 multis
922 1070 1004 1132 tulus
1017 1072 1143 1148 Satyrus
1155 1072 1294 1134 versibus
1311 1075 1452 1154 elegiacis
1469 1084 1572 1135 vetere
1590 1093 1645 1138 au-

148 1154 322 1229 inilabetur,
351 1153 502 1216 videndus
528 1153 642 1216 Natalis
669 1156 756 1218 liar.
782 1160 865 1232 Tom,
919 1171 1002 1225 clore
1016 1181 1186 1243 anonymo,
1201 1183 1292 1245 quam
1310 1179 1348 1227 cx
1366 1167 1474 1230 Codice
1493 1169 1643 1230 lieimsia-

149 1248 211 1308 4444.
233 1248 295 1308 edit
317 1250 345 1308 in
367 1248 414 1309 iol·
432 1267 460 1327 p.
483 1250 551 1311 445.
574 1249 692 1310 Praeter
713 1266 863 1330 ea‚-quae
920 1255 1016 1318 diensi
1044 1257 1138 1317 edidit
1166 1259 1200 1318 li.
1222 1261 1253 1321 G.
1276 1261 1469 1340 Polycarpus
1490 1264 1643 1340 leyserus

148 1349 252 1402 contra
270 1341 420 1416 iudaeos,
437 1341 670 1403 iiuiramedanos
686 1350 718 1404 et
730 1345 868 1405 4494444-
921 1352 949 1411 in
967 1353 1092 1412 Historia
1104 1359 1277 1430 poematum¹
1289 1353 1378 1414 medii
1396 1357 1461 1416 aevi
1474 1373 1542 1434 pag¹
1553 1358 1643 1417 2093.

142 1441 224 1506 stas,
239 1437 408 1514 composuit
424 1435 514 1494 etiam
528 1434 636 1497 librum
652 1435 866 1514 disputationis
920 1433 1010 1508 2440.
1029 1447 1151 1526 Incipit:
1171 1449 1261 1509 Forte
1278 1448 1367 1528 lupus
1384 1449 1508 1530 qnidam
1517 1457 1576 1532 per
1588 1467 1644 1533 pm

144 1529 317 1589 intellectus
334 1535 365 1589 et
385 1525 487 1602 Fidei,
508 1535 547 1608 et
561 1536 663 1590 utrum
681 1529 778 1591 iideiis
796 1547 864 1609 pos·
921 1556 996 1601 sana
1016 1537 1080 1600 lala
1099 1546 1254 1619 vapulares.
1603 1585 1605 1590 .

143 1623 183 1682 aa
203 1623 320 1684 solvere
341 1638 448 1682 amnes
469 1621 674 1699 abiectiones,
694 1639 771 1702 quaa
800 1625 867 1686 inii·
961 1635 1134 1696 4444444
1149 1638 1312 1698 patavinus
1329 1637 1445 1711 44444,
1468 1639 1644 1701 petrarchae

144 1716 226 1780 deles
243 1722 371 1796 possunt
388 1717 485 1776 444449
502 1723 606 1778 contra
622 1723 757 1780 sanctam
774 1717 864 1780 iidem
920 1727 1078 1801 laudatus,
1096 1731 1147 1808 qul
1169 1731 1211 1790 all
1231 1747 1301 1792 eum
1324 1733 1481 1794 poenarum
1503 1749 1576 1794 suae
1594 1751 1645 1794 aa.

144 1810 339 1870 catholicam.
372 1809 493 1872 tibrum
525 1809 740 1882 Quaestionum
774 1827 865 1892 snper
921 1823 991 1882 alls
1010 1823 1096 1883 laclia
1112 1824 1280 1903 Principem
1300 1827 1434 1887 laturum
1454 1817 1567 1900 lur'ssa,
1586 1827 1644 1886 nial

148 1912 277 1983 quatuor
290 1903 672 1974 librissententiarium,ct
683 1905 863 1966 solutionem
919 1930 1029 1975 novem
1041 1907 1641 1988 MusisXii.tabuia'smiscuisset:Diem

146 1999 357 2076 quaestionum
372 1998 502 2074 Magistri
516 1996 671 2060 44044444
686 1997 865 2060 Atrebaten·
917 2007 989 2068 obiit
1020 2007 1055 2069 Α,
1084 2009 1171 2071 4399,
1200 2009 1273 2072 vide
1301 2012 1370 2072 Νῆα.
1390 2013 1579 2073 (pomnenum
1613 2013 1643 2072 ln

145 2094 199 2153 ars.
220 2091 373 2168 Dialogum
394 2107 464 2150 cum
489 2089 627 2152 nomana
644 2091 801 2176 saraceno.
853 2165 855 2170 ,
917 2101 1073 2178 4444444444
1089 2105 1221 2164 Patavini
1237 2103 1360 2166 matoria
1378 2107 1463 2168 rom.
1479 2107 1498 2167 4
1514 2123 1579 2185 pag.
1596 2108 1643 2168 ll.

183 2185 227 2246 De
247 2185 367 2262 scriptis
389 2184 486 2258 tulli,
509 2201 586 2262 quae
607 2186 688 2264 typis
717 2186 862 2263 impressa
918 2197 968 2273 qul
986 2194 1052 2274 ejus
1070 2201 1233 2258 tractatam
1253 2197 1289 2259 da
1303 2207 1404 2279 pom,
1425 2206 1456 2260 et
1473 2197 1538 2260 xpp,
1558 2197 1646 2260 rapu.

146 2285 290 2353 exstant,
307 2276 376 2338 Vide
395 2279 426 2338 H.
445 2277 644 2340 Wiiithonum
662 2275 699 2339 ad
717 2279 862 2342 CaVssiim.
919 2286 1019 2350 larum
1050 2289 1311 2369 effatavmibus
1346 2291 1470 2354 leoninis
1502 2291 1643 2374 apposita

184 2369 299 2432 earlier
316 2371 483 2444 uulnus,
505 2389 560 2432 seu
577 2370 732 2444 culmina,
750 2374 863 2435 rectius
920 2383 999 2462 apud
1023 2386 1193 2465 pignorium
1215 2389 1297 2450 lisia
1318 2390 1412 2450 luisse
1434 2395 1573 2449 leantur.
1595 2387 1648 2450 Se

148 2463 279 2538 illarius,
297 2465 406 2541 (Olmii
424 2467 653 2560 Bergomensis,
670 2467 864 2543 augustinia·
919 2477 1355 2560 pulchroejusinscriptietiam
1368 2483 1518 2543 hiieonini
1528 2498 1645 2543 versus:

146 2575 205 2621 ⁰¹¹³
236 2557 399 2620 desumus
428 2559 592 2619 Csffimffle
619 2557 674 2620 All.
706 2560 800 2620 44844
825 2560 863 2622 de
931 2592 1408 2664 1444444499,44444444444444444444444
1421 2577 1653 2661 tununnensis?

147 2670 206 2730 quo
226 2653 404 2712 Franciscus
425 2650 543 2712 drisius
564 2653 593 2711 io
616 2651 763 2714 Cremona
785 2654 865 2715 litte-
932 2671 1004 2730 nuuc
1020 2667 1085 2728 suro,
1095 2671 1220 2733 quicquid
1230 2672 1311 2730 local,
1323 2679 1350 2722 cu
1360 2668 1470 2736 quoque,
1481 2675 1633 2726 lucrareris.

147 2753 211 2808 rata
232 2756 263 2806 et
288 2747 419 2807 lilerium
438 2744 622 2806 eruditorum
653 2743 755 2806 italiae
783 2747 882 2810 lom.¹
933 2747 1008 2805 isset
1023 2757 1081 2806 4444
1097 2747 1191 2804 caala,
1207 2757 1293 2808 marae
1312 2759 1369 2809 444
1385 2759 1457 2797 aaaaa
1476 2749 1556 2810 ruri·

149 2842 229 2902 xvi,
259 2857 325 2919 pag·
355 2829 422 2900 apl,
454 2854 499 2916 sq,
526 2836 628 2900 Edidit
661 2838 867 2918 Augustinum
936 2820 1236 2892 tectoriccsritnomen
1265 2823 1431 2885 inunctupi.
1585 2911 1587 2916 Δ

152 2934 348 3012 Triumphum
360 2932 397 2993 dc
408 2938 557 3010 potestate
566 2931 775 2994 Ecclesiastica
785 2935 868 2994 itum.
964 2924 1057 2996 illi·
1079 2923 1160 2985 idem
1179 2941 1215 2986 40
1232 2925 1411 2988 40444Τῦ8
1442 2942 1496 2987 seu
1514 2927 1652 2991 torar.
1738 2967 1741 2974 ,

149 3027 235 3089 4470.
257 3034 289 3088 94
310 3029 375 3104 ipsa
400 3026 522 3103 scripsit
545 3024 639 3086 Vitam
660 3026 694 3086 B.
718 3027 868 3102 Maricae,
928 3017 1000 3080 TUS
1020 3017 1115 3095 ideoq.
1135 3035 1193 3078 oon
1211 3021 1290 3080 circa
1308 3037 1335 3080 a.
1356 3019 1409 3081 434
1422 3021 1451 3080 0.
1469 3021 1542 3082 Vide
1559 3034 1684 3102 supra'
1765 3017 1767 3022 ’

147 3122 231 3180 Rom.
246 3119 334 3190 4479.
357 3120 384 3179 4.
405 3118 500 3181 Vitam
520 3123 550 3178 et
568 3115 719 3178 miracula
736 3119 770 3180 B.
787 3122 872 3199 44449-
934 3130 962 3191 p.
974 3112 1042 3174 562.
1055 3109 1271 3173 esurieritis
1286 3110 1441 3174 Ambrosii
1451 3132 1477 3192 p.
1492 3115 1560 3177 333.
1577 3121 1653 3198 seq.)

148 3209 272 3272 4444444444
287 3210 323 3271 de
342 3211 450 3286 Gamo,
472 3213 554 3272 Rom.
578 3211 665 3272 4474.
688 3217 719 3272 94
738 3214 767 3272 iu
786 3214 870 3273 lictis
959 3203 995 3272 JS·
1021 3206 1161 3278 LUPUS,
1184 3206 1258 3265 40444
1275 3207 1382 3285 Lupus
1401 3207 1562 3271 iirecensrs.

149 3304 284 3364 Sanctor.
301 3305 383 3364 Tom.
402 3307 430 3366 3.
450 3303 516 3380 iiiaji
542 3307 588 3366 43.
606 3321 673 3383 pag.
690 3306 760 3379 253,
777 3313 869 3383 atque
966 3297 1653 3387 LUPUSCctammoeusl'a,Episcopussubiscri-

150 3396 264 3458 inedita
284 3396 383 3458 adhuc
409 3398 504 3460 Vitam
524 3398 558 3457 B.
581 3396 708 3458 Helenae
729 3396 765 3459 dc
788 3398 871 3460 illino
925 3392 986 3470 psit
1002 3393 1157 3471 privilegio
1170 3394 1341 3452 Monasterii
1360 3395 1390 3454 S.
1409 3397 1533 3475 Remigii
1549 3401 1578 3458 iu
1595 3401 1652 3477 Sy·

150 3489 187 3550 ad
216 3489 341 3550 Paulum
369 3491 410 3554 44.
425 3499 457 3552 et
481 3490 574 3551 Vitam
595 3507 635 3551 oc.
658 3489 810 3552 miraculo
832 3493 869 3552 B.
925 3485 1002 3546 nodo
1022 3487 1190 3552 Senoneosi
1212 3487 1248 3547 Α.
1269 3488 1338 3547 tlt.
1362 3487 1460 3549 habita
1482 3491 1560 3569 quod
1590 3493 1653 3554 cdi-

148 3582 265 3644 Marinc
291 3581 328 3644 de
351 3584 462 3664 44444444Ι
478 3591 513 3646 ut
535 3583 715 3646 viridarium
744 3600 868 3664 sponsa-
923 3578 968 3638 dit
984 3578 1151 3641 Dacherius
1167 3582 1250 3642 Tom.
1270 3583 1282 3642 i
1306 3579 1370 3641 edit
1387 3591 1564 3664 novae‘pag.
1581 3588 1650 3650 595.

148 3677 551 3764 Ι444444444444,44444444444444
564 3679 871 3758 italicaiinguaprae
965 3674 1085 3734 LUPUS
1102 3673 1299 3735 Eboracensia
1314 3681 1346 3735 et
1362 3675 1568 3754 Vigomiensis
1585 3699 1601 3740 a
1617 3682 1653 3742 Α.

155 3777 279 3829 tuream.
300 3769 370 3830 *De
381 3773 501 3848 scriptis
513 3774 572 3832 viri
583 3772 674 3833 huius
684 3771 761 3832 docti
784 3773 871 3851 paulo
926 3766 1012 3827 4002.
1030 3769 1216 3845 Episcopus:
1235 3769 1332 3841 inira,
1348 3767 1621 3832 WULFSTANUS.

150 3861 323 3940 diligentius
334 3867 395 3941 agit
411 3865 440 3922 P.
459 3863 603 3922 Gandalio
616 3865 644 3920 in
656 3865 870 3924 dissertatione
964 3862 1085 3922 LUPUS
1099 3862 1199 3922 4444444
1215 3859 1437 3922 Ferrariencr's.
1453 3863 1532 3922 inira
1552 3865 1654 3945 Lupus

157 3954 195 4015 de
212 3955 270 4017 CC.
287 3954 525 4034 Augustiniaois.
550 3955 642 4017 Addit
659 3955 708 4018 ilie
725 3973 816 4035 supra
835 3957 868 4016 ii·
925 3954 1084 4014 sonatur.
1377 3951 1378 3958 ’

152 4047 222 4108 bros
248 4065 266 4108 a
294 4049 424 4110 Fabricio
451 4049 499 4110 4444
526 4047 671 4110 iudicatos
692 4047 868 4128 Apoiopr'am
964 4035 1653 4129 LUPUSLindissarnensisMonachus‚supra

12 4141 35 4218 ¹,
147 4158 205 4221 pro
218 4139 868 4203 44494444444444440444444444444444494444444
923 4138 1219 4200 ETiiELWOLFUS
1238 4140 1323 4200 Tom.
1345 4140 1374 4200 2.
1398 4159 1464 4220 pag.
1482 4144 1552 4204 522.

152 4236 335 4298 Canonicum
353 4233 531 4313 deputarem
551 4233 788 4304 editnmiiomuc
819 4252 869 4296 an.
964 4233 1084 4294 LUPUS
1104 4231 1296 4294 laminensis
1318 4234 1355 4295 ab
1377 4233 1411 4296 A.
1433 4235 1502 4297 984.
1527 4237 1652 4314 44444444,

154 4327 241 4390 4479.
267 4328 309 4388 Dc
333 4325 462 4407 fioribus
480 4326 660 4390 laemillcir
683 4329 772 4390 simui
801 4345 870 4390 cum
925 4343 983 4405 pus
1001 4327 1096 4404 inira,
1116 4325 1392 4388 wullsllilills

154 4421 287 4499 apologia
318 4421 433 4482 ordinis
464 4423 622 4499 vulgatum
657 4437 732 4500 opus
763 4423 872 4482 iiomae
967 4419 1136 4500 ian’USsde
1148 4417 1261 4480 utiocto
1280 4421 1392 4496 rectius
1409 4419 1445 4480 dc
1464 4419 1574 4484 Olmeio
1586 4426 1652 4486 sive

160 4513 249 4578 4604.
266 4513 310 4575 Dc
327 4511 468 4575 leudibus
487 4508 663 4596 proesentis
681 4513 761 4576 vilae
783 4513 874 4574 444444-
929 4509 1038 4576 Uimcto
1056 4513 1209 4593 Hispanus
1223 4557 1230 4586 ,
1246 4511 1318 4575 Ord.
1332 4517 1527 4578 eremitarum
1543 4517 1574 4580 S.
1587 4520 1653 4580 4444-

154 4625 259 4688 gorum
276 4609 385 4670 librum
404 4627 509 4672 unum.
528 4609 570 4670 Dc
586 4607 651 4670 uilo
669 4613 697 4669 et
713 4606 872 4668 miraculis
929 4609 1045 4684 runymi
1062 4610 1143 4670 Prior
1155 4607 1313 4668 Generalis
1329 4612 1408 4668 circa
1425 4610 1546 4672 Annum
1562 4614 1649 4674 llis.

155 4703 191 4764 B.
211 4704 328 4766 Mariae
349 4701 385 4764 dc
406 4703 519 4765 Genua.
542 4701 588 4762 Dc
602 4701 736 4783 spirituli
748 4718 876 4764 44444444
929 4700 966 4762 ad
989 4701 1077 4765 4423.
1100 4702 1228 4780 Scripsit
1251 4697 1355 4763 Floras
1375 4704 1405 4764 S.
1430 4705 1530 4766 Putris
1546 4705 1651 4767 Hiero·
