3596 5610
217 85 278 148 368
840 71 1107 144 J'ontinss·

217 189 444 252 Grumntotioer.
463 189 554 267 incip.
573 187 811 248 Grummotimnt
826 187 933 249 triuio·
992 196 1069 250 tom.
1087 187 1190 250 340444
1210 191 1258 254 lc.
1274 207 1341 271 pag.
1358 192 1424 255 328.
1438 209 1500 274 seq.
1516 196 1554 256 Et
1571 213 1607 258 44
1630 197 1693 278 Ept-

217 282 254 345 lt's
267 299 358 362 apem.
385 280 539 346 Carmina.
564 283 609 342 Dc
636 283 792 360 opusculis
809 282 933 344 Graecis
987 281 1080 344 440444-
1094 284 1162 361 ejus
1178 282 1257 346 444404
1278 303 1295 346 4
1318 288 1509 366 scriptoribus
1536 291 1614 352 Vitae
1633 293 1693 370 ejus

215 395 293 456 quae
309 378 391 438 addit
406 376 522 456 Pitseus
541 391 607 454 pag.
624 376 694 437 354.
710 378 775 456 ipse
789 375 911 437 viderit.
986 383 1129 438 servatae
1146 393 1182 456 p„
1195 377 1264 440 362.
1282 397 1311 438 0.
1330 381 1401 441 442.
1413 387 1443 440 44
1459 398 1488 459 p.
1504 380 1570 443 379.
1582 400 1609 443 o.
1626 385 1670 446 74.

255 471 271 506 4
299 469 468 532 JOANNES
487 469 712 533 Grammaticus
740 470 818 532 alins
839 471 877 530 ab
897 487 932 532 eo
1025 469 1094 548 (467
1112 471 1237 531 Franchi
1255 473 1288 532 D.
1304 473 1393 550 Diego
1410 475 1531 544 Historia
1550 475 1578 536 di
1589 477 1618 538 S.
1628 476 1687 538 iiio.

214 564 326 642 dequo
343 563 392 623 hio
418 563 593 638 Fabricius,
620 564 772 625 Farlensis
797 565 932 625 coenobii
990 561 1159 624 Gualbcrto
1180 565 1305 626 Firaoze
1327 565 1403 626 4644
1425 569 1453 624 40
1471 569 1507 642 4.)

214 659 244 718 40
271 658 388 718 Ducatn
419 656 580 735 spoletano
606 656 769 718 Monachus
807 656 936 719 Chattos
1031 654 1202 718 JOANNES
1215 655 1401 732 conitensis,
1418 659 1488 720 Ord.
1502 660 1599 722 444004.
1610 677 1692 741 supra

212 747 308 810 eiusd.
324 750 494 810 Monasterii
512 749 653 828 collegit,
670 756 701 811 et
716 748 864 829 disposuit
884 749 936 810 ad·
990 753 1062 808 tom.
1080 751 1100 810 3
1116 766 1146 828 p.
1164 749 1232 810 444.
1751 781 1754 791 ·

212 840 274 902 dita
288 842 473 918 praelatione
493 844 627 902 carmine
645 857 799 921 expressa.
820 843 936 904 Scribe·
1032 838 1206 903 lOANNES
1223 840 1407 919 cantiensis,
1418 843 1527 921 iunior,
1541 846 1576 906 ib.
1589 863 1617 924 p.
1631 847 1692 908 444.

211 934 262 995 4444
278 951 327 995 40.
347 933 425 997 4492
444 935 501 996 snb
523 935 650 996 44404400
665 933 704 996 441
722 936 787 996 404.
810 937 864 998 XV
886 936 935 997 die
1029 933 1159 994 40044044
1189 935 1453 1012 GUALTEillUS,
1473 937 1583 1015 Anglus
1605 939 1691 1000 modio

211 1028 281 1090 xiil
299 1027 364 1088 Kal.
385 1029 462 1090 44444.
476 1029 653 1107 catalogum
675 1029 849 1090 chartarum
874 1029 937 1089 iila·
991 1027 1093 1088 seculo
1117 1027 1183 1087 XV.
1213 1031 1345 1107 scriptor·
1357 1030 1511 1104 4400044444Ι
1523 1031 1690 1094 4444000404-

210 1121 278 1182 rhm
299 1120 406 1182 aban.
428 1119 482 1183 694
507 1122 713 1200 incipientium
730 1121 816 1184 dedit
836 1125 935 1184 44044-
959 1178 961 1184 ,
990 1133 1094 1180 004040
1108 1117 1272 1182 mutuas
1285 1121 1473 1201 0400044008
1483 1121 1637 1186 dommim.
1650 1125 1691 1184 Vi-

211 1217 308 1277 torius
328 1216 423 1294 antiq.
445 1220 466 1276 4.
489 1213 512 1276 V
534 1233 562 1294 p.
581 1214 649 1274 487.
672 1217 763 1276 Porro
783 1216 933 1277 4404440444
990 1211 1029 1272 de
1046 1212 1213 1275 Lalaodum
1231 1231 1296 1293 cap.
1315 1218 1383 1278 554.
1634 1273 1637 1280 .

210 1307 365 1386 catalogus
383 1322 479 1385 nsque
496 1306 534 1368 ad
549 1323 598 1370 nn.
616 1307 676 1368 847
693 1309 844 1386 pertingit,
867 1309 935 1368 reli·
1029 1304 1046 1348 ⁸
1064 1299 1235 1369 JOANNES
1250 1306 1411 1369 (4004444444
1430 1314 1478 1368 044
1491 1307 1563 1370 alter
1575 1311 1692 1372 ¹canoni-

151 1393 153 1398 ⁴
210 1417 271 1480 qua
286 1403 315 1460 in
333 1401 394 1462 448.
411 1400 514 1461 codice
531 1399 695 1462 desiderari
722 1408 834 1462 monet.
989 1414 1044 1460 uus
1065 1400 1286 1479 Lugdunensis,
1306 1417 1409 1479 quernv
1421 1403 1498 1462 inter
1524 1403 1628 1480 Legum
1653 1404 1692 1462 io·

249 1492 420 1556 tostinus
437 1491 664 1571 Grandbonns,
681 1497 788 1556 Vossio
810 1494 933 1556 4440404-
988 1498 1174 1554 stauratores
1191 1495 1467 1572 praestantissimos
1479 1511 1537 1556 uua
1552 1511 1617 1555 corn
1628 1497 1692 1555 4444-

209 1587 433 1663 son,Lelando
450 1594 482 1648 et
497 1589 587 1650 Buteo
603 1589 652 1650 Vl.
666 1589 714 1648 39.
739 1589 915 1650 Grunntson
926 1633 940 1662 ,.
988 1585 1077 1646 thaeo
1108 1593 1140 1646 et
1170 1585 1283 1648 ioaone
1318 1587 1355 1647 de
1385 1587 1546 1650 4440444404
1566 1586 1690 1665 Lugduni

211 1681 350 1761 Augias,
378 1683 468 1764 Regis
497 1679 630 1742 Eduardi
648 1683 699 1742 444.
724 1699 742 1742 4
770 1681 884 1759 sacris,
902 1690 933 1742 et
988 1686 1117 1758 agentes
1132 1687 1277 1742 accenset
1304 1680 1449 1742 claudius
1473 1683 1614 1742 Perooeus
1633 1680 1693 1740 Del-

211 1775 379 1854 Episcopus
399 1775 625 1836 Excestriansis
656 1777 721 1835 sivo
752 1777 934 1836 Exooiensis
986 1772 1094 1852 phines
1115 1775 1145 1832 io
1166 1775 1352 1852 praelatione
1366 1776 1403 1834 ad
1423 1772 1692 1837 uoetnnaenuroa

211 1867 290 1929 diem
316 1867 389 1928 obiit
419 1867 454 1928 A.
484 1869 572 1928 4344.
600 1870 726 1928 Praeter
750 1883 932 1948 sermones,
987 1882 1110 1941 norum,
1130 1865 1213 1944 quod
1230 1866 1382 1928 scribebat
1399 1866 1530 1946 Lugduni
1555 1883 1600 1936 40.
1621 1867 1690 1928 4544

210 1961 332 2039 scripsit
341 1957 485 2020 0444444044
500 1961 567 2020 sive
582 1959 835 2040 Martyrolopium
848 1963 933 2024 4440-
987 1964 1018 2019 44
1040 1959 1078 2020 ibi
1104 1961 1181 2021 lorte
1203 1957 1347 2022 44404440
1368 1968 1416 2021 est
1436 1961 1501 2020 4404
1515 1958 1692 2020 adnotatione

208 2052 326 2132 44444444,
344 2051 424 2116 Vitoa
443 2053 645 2128 8040404004,
660 2056 874 2133 404000444440
897 2057 931 2116 S.
986 2055 1110 2114 anoi‘et
1130 2053 1185 2114 loci
1202 2054 1411 2132 impressionis
1432 2055 1459 2112 in
1483 2053 1508 2112 4.

212 2145 338 2207 Tiamou
355 2147 592 2210 cantuariensis.
617 2146 692 2225 Vide
714 2148 847 2208 Pitsenm
865 2165 931 2227 pag.
1027 2144 1199 2226 4044444448
1231 2146 1516 2212 amnesamnes
1543 2147 1692 2208 4444440004
1779 2193 1780 2200 ,

212 2241 279 2302 543.
298 2255 362 2319 seq.
377 2239 520 2300 Vossinm
538 2255 607 2318 pag.
623 2240 691 2300 534.
710 2315 713 2321 ¹
986 2237 1057 2314 Ord,
1077 2242 1179 2303 Minor.
1196 2239 1359 2302 defunctos
1372 2241 1408 2301 A.
1426 2239 1512 2302 4348.
1528 2240 1641 2316 scripsit
1660 2238 1689 2296 in
1779 2243 1780 2270 4

248 2324 417 2394 JOANNES
434 2332 596 2408 44400044,
615 2334 683 2393 4440
708 2331 858 2409 &auvam
881 2349 932 2396 su·
987 2335 1035 2395 lV.
1051 2332 1144 2395 444404
1157 2333 1379 2408 demoniorum
1399 2338 1429 2393 44
1444 2331 1629 2409 0004440444
1646 2329 1687 2391 di-

210 2425 412 2506 044100444444
434 2424 568 2486 cunum.
624 2493 628 2498 ,
799 2457 810 2488 ,-
968 2423 1689 2506 ’44040404,84444404444400.44444444444400444.

250 2518 422 2582 Jonunns
437 2517 540 2598 Groye
555 2561 562 2594 ,
580 2517 703 2598 cropus
729 2519 796 2580 sive
817 2519 932 2600 Grujns
1025 2518 1197 2582 JOANNES
1215 2517 1364 2580 8444444444
1383 2519 1475 2597 patria
1489 2517 1686 2590 Culmineae,

212 2613 348 2692 Argius,
369 2613 539 2692 Episcopus
561 2613 591 2672 40
609 2611 717 2690 Angiia
735 2613 935 2674 Norvicensis·
986 2614 1161 2688 carmelita,
1178 2615 1287 2674 4400404
1305 2605 1493 2688 Porisiensis,
1510 2609 1593 2686 cuius
1622 2608 1686 2668 nihii

209 2707 244 2770 A.
257 2709 344 2771 4244.
362 2713 393 2768 44
406 2719 518 2785 proras
532 2705 690 2766 Hiberniae
707 2711 738 2765 et
755 2704 931 2784 designatus
985 2705 1080 2768 iertur
1111 2712 1229 2786 praeter
1255 2707 1414 2767 Sermones
1434 2703 1471 2764 de
1490 2703 1615 2777 Sanctis,
1641 2719 1689 2780 per

208 2801 462 2880 Arubiepiscopns
483 2799 733 2872 cantuariensis,
759 2815 933 2876 quanquam
990 2797 1185 2877 Adventum,
1202 2798 1462 2878 Quadragesirnalt
1478 2804 1510 2858 44
1525 2793 1689 2858 collationes

206 2912 256 2957 rcs
273 2911 420 2958 successu
451 2895 567 2970 carnit,
591 2893 656 2970 ipso
678 2893 768 2952 etiarn
791 2891 932 2956 defuncto
985 2887 1109 2970 feriobt
1122 2891 1365 2953 siveserroonss
1379 2889 1416 2950 de
1434 2889 1526 2950 lestis.
1541 2887 1688 2950 4444404-

209 2989 246 3052 A.
258 2989 310 3051 424
318 2991 346 3048 8.
364 2989 472 3050 Nescio
482 2985 553 3064 quid
566 2985 623 3046 sibi
638 2985 712 3045 velit
723 2985 831 3046 titulus
841 2981 934 3047 Sohu-
986 2985 1124 3044 sevinmn
1138 3028 1145 3060 ,
1159 2983 1311 3063 Alagrium
1328 2999 1357 3061 p.
1373 2983 1442 3044 288.

210 3080 379 3157 4404400404,
390 3095 536 3160 quoopus
551 3077 744 3139 historiarum
762 3093 852 3139 suurn
865 3095 932 3156 pro
1026 3075 1197 3138 lOANNES
1220 3075 1431 3156 cundorpiut,
1449 3071 1641 3152 cuntlopiut
1654 3073 1690 3132 si·

208 3177 367 3255 scripsisse
384 3179 538 3235 testantur
557 3173 733 3245 Gesnerus,
748 3172 932 3234 Possevions
987 3187 1025 3232 vc
1044 3169 1192 3232 8044444444
1209 3168 1298 3244 aiioo,
1315 3169 1449 3246 Angius:
1469 3169 1497 3226 io
1514 3160 1602 3239 444444,
1618 3164 1690 3226 cua·

209 3276 240 3330 et
267 3285 335 3349 pag.
355 3269 424 3331 288.
445 3269 583 3342 Pitseus3
608 3265 683 3326 Nam
705 3264 786 3344 apud
807 3263 931 3327 Balaam
988 3266 1044 3325 rioi
1069 3263 1259 3342 discipulus,
1286 3263 1401 3323 44040444
1427 3261 1555 3320 loannis
1571 3257 1688 3330 Phrone,

211 3363 259 3424 444.
276 3363 326 3424 78.
343 3368 375 3422 44
395 3363 535 3424 vossium
556 3377 623 3440 pag.
642 3357 711 3420 454.
734 3359 790 3420 hoo
807 3375 866 3421 non
889 3361 934 3419 in·
988 3357 1058 3418 inde
1075 3357 1171 3420 redux
1195 3360 1225 3418 in
1247 3357 1431 3418 Britanniam
1446 3355 1579 3414 44404004
1594 3352 1690 3410 40044-

211 3455 311 3514 venio.
990 3469 1046 3514 nae
1070 3454 1138 3512 sive
1166 3451 1329 3511 Weileosis
1357 3447 1526 3521 Ecclesiae,
1546 3443 1690 3521 etprirati

249 3545 422 3609 JOANNES
446 3545 566 3610 crihuh
583 3545 653 3607 Ord.
674 3547 779 3606 lliioor.
809 3545 848 3608 de
874 3564 934 3625 quo
990 3546 1079 3626 sigilli
1096 3551 1202 3608 custos
1217 3545 1280 3604 sub
1297 3539 1436 3604 Eduardo
1456 3539 1503 3600 tv.
1518 3539 1601 3616 Rege.
1626 3531 1690 3592 Vide

208 3641 389 3717 supratorn.
422 3640 532 3719 tpag.
551 3637 619 3700 442.
638 3636 738 3700 ilica
769 3639 934 3700 Trithemio
970 3639 1155 3715 Α4444044004
1174 3655 1240 3716 cap.
1269 3636 1336 3701 574.
1366 3633 1486 3698 3444440
1508 3629 1640 3692 vulta
1661 3633 1690 3686 et

207 3749 272 3812 cap.
289 3730 355 3795 474.
368 3733 405 3794 40
420 3731 616 3811 scriptoribus
627 3733 719 3800 curm
734 3749 789 3811 per
802 3747 933 3794 04404040
991 3733 1124 3794 Pitseum
1143 3747 1210 3811 pag.
1227 3731 1296 3791 ast.
1308 3730 1360 3807 qui
1375 3725 1442 3805 ejus
1456 3721 1606 3807 Epistulas,
1622 3721 1689 3781 uo

205 3827 314 3890 calami
335 3821 541 3888 Dominicaois
564 3823 764 3902 adscribitur,
780 3841 850 3887 curo
874 3827 937 3906 ipse
992 3825 1084 3888 tiones
1103 3832 1135 3886 04
1153 3821 1476 3888 damascenorum.
1568 3841 1572 3850 ·

205 3939 269 4002 cap.
289 3919 358 3981 779.
377 3920 414 3981 44
432 3921 462 3982 S.
478 3921 513 3982 E.
532 3935 603 3981 oum
621 3925 704 3981 rocta
725 3921 937 3983 Franciscaois
1029 3919 1200 3982 iOANNES
1216 3915 1256 3978 ob
1270 3915 1393 3994 4409444,
1414 3913 1507 3986 inira,
1525 3913 1644 3970 Joonner
1657 3905 1689 3966 444

206 4017 423 4079 444004044444.
436 4015 600 4094 Utrobique
612 4017 744 4076 testator
755 4015 854 4094 ipsum
865 4016 938 4075 scri·
989 4012 1143 4092 indagine.

206 4112 304 4191 psisse
319 4109 429 4172 librum
446 4108 483 4170 da
495 4107 638 4190 pensione
660 4107 793 4170 Domini.
1029 4108 1198 4170 4044444448
1212 4106 1251 4167 44
1268 4107 1380 4166 4404404
1402 4104 1467 4163 4440
1490 4091 1690 4178 bagnolio*

246 4203 421 4269 tutunus
452 4203 643 4281 Groslotius,
672 4219 764 4284 supra
796 4203 935 4264 10004444.
989 4203 1034 4263 444
1050 4204 1079 4262 40
1091 4201 1211 4280 Anglio,
1229 4199 1375 4260 dioecesis
1389 4193 1603 4277 Duoclmenais,
1620 4187 1690 4247 Prior

212 4297 411 4363 0444440004.
989 4293 1060 4355 0444.
1078 4293 1189 4355 4440044.
1207 4291 1320 4369 dequo
1345 4284 1579 4350 anteuenias.
1596 4286 1624 4340 04
1639 4280 1689 4340 Pit·

250 4393 421 4456 4048888
443 4394 584 4455 44404404.
602 4391 709 4470 Supra,
728 4397 749 4449 4.
764 4391 781 4450 3
800 4407 828 4468 p.
847 4389 913 4450 443.
990 4405 1062 4450 4404
1077 4403 1142 4466 pag.
1159 4388 1230 4448 255.
1245 4385 1374 4463 Scripsit
1390 4381 1541 4442 historiam
1555 4375 1629 4436 xxi.
1643 4385 1690 4430 044

249 4485 419 4550 JOANNES
441 4485 623 4550 Gnattertos
650 4483 770 4556 Abbas,
802 4481 933 4542 Vallum·
987 4497 1104 4554 nomm,
1122 4495 1181 4558 qua
1202 4475 1416 4540 slusonsn
1429 4469 1642 4534 nomiman
1656 4461 1689 4528 ab

211 4580 407 4640 brosanorum
425 4581 497 4642 Ord.
515 4567 701 4642 uenedtettni
721 4573 860 4662 fundator
879 4577 930 4654 qui
986 4576 1010 4636 A
1038 4575 1128 4636 4434.
1144 4571 1181 4634 ad
1196 4569 1231 4632 A.
1244 4570 1333 4633 titi.
1343 4565 1539 4630 continuavit.
1554 4560 1598 4622 Ab
1613 4557 1690 4618 Anno

211 4672 292 4733 diem
308 4671 380 4734 obiit
393 4673 429 4733 A.
445 4675 532 4736 4473.
549 4675 658 4736 4044444
674 4670 931 4749 duodaoonagcsi-
985 4668 1074 4730 4444.
1102 4666 1192 4727 00404
1212 4665 1282 4726 4004
1313 4657 1561 4722 metachronismo
1580 4661 1689 4726 semper

213 4783 270 4828 4440.
288 4764 363 4842 Ejus
380 4783 486 4845 preces
502 4775 625 4830 exstant
642 4770 672 4828 in
694 4768 779 4828 Actis
794 4767 928 4828 8400404.
979 4745 1108 4841 pecuare
1126 4759 1241 4820 notavit
1259 4757 1372 4836 Pagina·
1393 4751 1428 4815 ad
1457 4750 1492 4812 A.
1517 4747 1599 4808 4444.
1622 4744 1647 4800 8.
1664 4745 1688 4798 n
