3562 5582
206 201 281 262 sixti
294 201 439 262 Serranus
453 202 658 274 aletaliorum
674 202 925 282 reprehensiones
979 219 1059 282 quse
1076 203 1114 264 ud
1132 206 1250 282 Georgii
1266 201 1363 282 hujus
1379 209 1569 284 questiones
1590 211 1618 268 ia
1635 211 1689 272 iii·

207 297 344 358 incurrit.
356 296 476 360 Titulus
493 296 600 375 pricris
612 298 713 375 operis
728 304 785 359 est:
797 298 841 358 De
855 296 926 360 hur·
980 299 1066 358 essin
1084 300 1204 360 noterit
1215 297 1688 377 responditqueldarius'ltorsen·

207 387 308 452 monia
322 388 428 450 Mertai
440 393 537 466 mbas,
557 389 685 452 Cantica
702 391 772 467 tria,
794 410 924 471 quorum
980 407 1040 454 uus
1056 392 1093 454 ad
1110 392 1226 454 calcem
1244 393 1458 456 commentarii
1480 396 1509 456 in
1528 411 1583 458 sex
1597 399 1686 476 prima

207 483 327 561 singula
355 489 422 544 octa
451 485 531 546 tonis
559 485 669 546 iterum
687 485 923 566 distinguuntur.
978 485 1133 548 Geneseos
1149 487 1248 564 capita
1263 529 1271 559 ‚
1285 487 1491 562 Paris-lois,
1510 488 1557 550 tol.
1675 519 1678 524 ·

207 579 366 640 Canticum
378 575 528 656 primam,
545 578 612 640 sive
622 577 789 660 cuiquam
802 597 862 658 quo
876 583 926 644 Di-
1019 579 1133 642 Omitto
1153 578 1248 640 Vitam
1264 579 1299 640 B.
1317 578 1430 644 Clarae
1443 581 1585 660 Papiriam
1596 584 1685 646 vene

207 673 297 748 vina,
325 670 478 746 humana,
501 671 664 749 coelestia,
691 675 924 753 supercoelestia
980 677 1028 734 toa
1049 673 1219 736 Clarissae:
1235 690 1314 752 quae
1330 681 1431 738 cusat
1446 675 1476 736 in
1489 681 1573 754 parte
1585 684 1686 754 quarta

154 768 161 778 '
206 772 298 844 atque
315 765 455 824 interiora
480 767 603 841 arania,
625 769 773 830 concinna
803 785 925 850 proper·
979 765 1686 842 6411οηί44144]Οτ44444114444414,ε4414114-

205 862 286 922 tiooe
318 864 350 920 et
383 857 558 920 harmonica
579 862 731 922 suavitate
765 861 926 926 distributa
979 859 1035 920 lice
1051 859 1149 922 Venet
1178 860 1266 922 1644.
1282 867 1314 924 et
1330 859 1478 924 corase
1493 863 1540 940 pia
1566 864 1686 924 ascetica

205 969 273 1015 esse
290 952 550 1014 demonstrantur.
574 955 734 1017 Canticum
761 956 926 1020 secamur
979 951 1108 1028 ibidem,
1131 954 1370 1032 scripulatim,
1387 971 1466 1032 quoe
1483 953 1585 1018 laudat
1603 954 1685 1018 Wud·

201 1050 271 1108 sivo
288 1063 400 1107 novam
417 1089 424 1120 ,
442 1048 542 1108 omnia
560 1049 590 1107 in
606 1049 731 1110 Christo
745 1093 752 1125 ,
768 1051 925 1130 multipiici
980 1045 1092 1124 diegus
1113 1061 1179 1125 pag.
1201 1049 1269 1110 4411.
1402 1077 1405 1086 ,

204 1140 845 1219 consonantiacorresponderedulcioribus
862 1163 926 1208 mo-
1017 1137 1684 1204 uuoauiusorterdetrietemameeurd.
1767 1147 1769 1154 “

204 1235 288 1298 dulis
302 1251 394 1314 quam
411 1235 529 1298 croculi
546 1242 578 1296 et
597 1237 733 1299 membra
750 1241 779 1298 in
800 1239 926 1301 munda·
979 1233 1084 1297 uaso.
1099 1235 1153 1311 qui
1175 1235 1293 1313 Lipsiae
1309 1235 1390 1298 circa
1405 1233 1527 1302 Aenum
1546 1237 1641 1309 44841,
1657 1242 1686 1296 et

205 1345 245 1392 eo
261 1335 315 1394 aut
331 1329 617 1408 humanoCorpore.
630 1331 790 1394 Canticum
805 1333 925 1396 terram
979 1343 1043 1405 seq.
1059 1325 1158 1388 edidit
1178 1328 1236 1391 trie
1253 1328 1365 1406 scripta
1393 1333 1504 1390 onnus
1525 1329 1687 1392 immaculu-

205 1421 338 1501 denique
359 1423 424 1483 s‘ve
441 1421 654 1500 marisimam,
679 1423 717 1486 de
739 1427 845 1488 mundi
872 1429 927 1488 mi.
980 1426 1043 1482 tarn
1059 1421 1288 1500 conceptionem
1304 1423 1338 1482 Β.
1356 1421 1497 1500 Virginis.
1512 1423 1584 1486 Vide
1607 1425 1685 1486 tuoe
1708 1487 1709 1492 ,

206 1517 310 1592 narie,
339 1517 405 1576 sive
423 1515 573 1594 luminis,
590 1524 820 1597 propterquam
848 1521 926 1587 iacta
980 1513 1054 1574 bum
1065 1513 1361 1592 Ouetii.t.l.p.883,
1378 1531 1440 1593 seq.
1456 1516 1506 1580 rbi
1518 1518 1686 1592 erinaceo

206 1612 268 1672 sint
284 1611 394 1684 omnio,
412 1609 591 1672 concordem
617 1615 646 1674 in
669 1610 806 1674 debitum
824 1613 926 1690 tinem,
981 1605 1185 1686 dropesimab
1201 1606 1268 1685 qus
1282 1614 1316 1670 et
1332 1611 1490 1674 Samoou
1502 1608 1538 1674 de
1556 1615 1685 1690 torpore,

206 1720 401 1783 progressum
418 1712 450 1765 et
473 1710 598 1768 statum.
629 1705 741 1767 Prodiit
768 1707 824 1768 hoc
850 1723 927 1785 opus
977 1717 1036 1780 per
1051 1699 1220 1764 Adventum
1236 1708 1269 1762 ct
1285 1699 1322 1762 de
1337 1702 1458 1766 Saaob‘r
1481 1711 1686 1770 momorantur.

205 1800 314 1863 Venet.
326 1799 405 1860 4445
416 1806 448 1858 et
464 1800 585 1862 Parisiis
604 1800 693 1875 4544,
705 1799 853 1878 iohoujos
864 1801 927 1862 edi·
1019 1794 1213 1856 GEOhGlUS
1228 1797 1311 1856 Prior
1325 1795 1552 1872 armabaris,
1575 1795 1686 1860 Ordinis

206 1893 297 1952 tionis
308 1892 446 1970 exempla
458 1891 606 1970 quaedam
619 1893 794 1972 praeierunt
804 1893 926 1956 hunum
980 1889 1174 1954 cartusiam
1197 1891 1226 1948 in
1243 1887 1389 1966 dustria,
1411 1889 1500 1968 cujas
1522 1887 1686 1970 semmai

207 1985 295 2049 4446.
309 1986 521 2064 Expungenda
537 1987 566 2046 in
585 1985 642 2048 hoc
657 2003 747 2066 opere
764 1988 851 2067 plura
875 2003 925 2048 oe
979 1981 1192 2044 siveDtbrt'um
1202 1981 1455 2062 porupriaobom'r
1469 1988 1684 2047 trummacum

206 2086 253 2144 tet
268 2077 368 2140 ladem
384 2080 469 2160 Hirp.
486 2096 553 2158 pag.
571 2082 714 2142 396106.
980 2076 1012 2136 in
1027 2075 1196 2156 AEgypturu
1210 2119 1219 2151 ,
1235 2077 1367 2138 hiantem
1385 2079 1465 2139 Sosi
1479 2121 1486 2148 ,
1502 2084 1610 2144 marm
1624 2091 1687 2138 san-

248 2173 283 2234 ln
307 2173 494 2250 scripturam
526 2175 649 2236 Sacram
681 2181 713 2236 et
729 2175 926 2254 Philosophus
979 2175 1060 2232 ctum
1077 2177 1110 2230 et
1124 2171 1243 2248 Syriam
1262 2175 1422 2249 susceptas
1438 2170 1474 2232 h.
1492 2173 1525 2232 6.
1541 2169 1628 2245 tlibi,
1643 2183 1686 2244 su·

203 2264 425 2347 problematum
455 2267 519 2328 tria
535 2265 649 2344 mdia,
667 2285 722 2330 sex
746 2269 857 2331 tributa
883 2275 927 2329 to-
979 2263 1088 2341 prodiit
1114 2261 1202 2326 libris
1230 2263 1292 2336 111,
1314 2265 1344 2327 iu
1370 2263 1513 2329 bernardi
1535 2267 1688 2328 Posanoo·

193 2361 392 2446 'misminguti
409 2362 620 2439 questionibus
637 2365 705 2424 aba.
717 2379 846 2442 quorum
859 2363 926 2443 pri-
979 2355 1140 2420 dohstom.
1155 2359 1182 2418 2.
1194 2360 1321 2437 portes.
1336 2375 1401 2438 pag.
1416 2358 1561 2424 464446.-

207 2470 275 2516 arae
291 2456 452 2521 historiam
466 2456 630 2518 sacramad
642 2458 856 2536 Captivitatem
871 2460 927 2519 Ba·
1019 2451 1214 2529 68086ῑῦ8
1248 2451 1457 2532 Heptarnac,
1490 2455 1598 2516 &otus
1622 2449 1687 2512 Ord.

207 2549 375 2627 betonicam
407 2562 505 2627 usque
532 2553 749 2630 persequitur,
775 2550 927 2616 emendor
980 2544 1084 2608 Praed.
1099 2548 1179 2612 circa
1196 2563 1311 2612 oenum
1330 2549 1407 2612 4486
1423 2550 1477 2625 boi
1503 2544 1687 2610 Goitottiooot

207 2644 328 2722 Legem,
340 2643 446 2708 tertios
456 2642 584 2710 0144444
596 2645 822 2725 Prophetarum,
832 2661 928 2726 quar-
983 2635 1171 2718 Thoobar'eoo
1187 2647 1219 2702 at
1231 2639 1267 2702 de
1283 2637 1498 2722 resalutatione
1514 2638 1558 2705 ad
1578 2635 1687 2720 fraitoi

208 2740 257 2799 tua
272 2735 492 2815 Evangeliurn,
515 2738 638 2818 quintas
660 2745 781 2819 septem
809 2741 942 2819 sepiem·
982 2746 1054 2794 tuos
1086 2735 1247 2812 scripsisse
1277 2735 1410 2798 traditur
1439 2733 1519 2814 apud
1553 2730 1687 2794 Joeohen

209 2836 274 2895 tum
291 2827 458 2895 doctrinam
476 2833 631 2911 vitamque
649 2837 677 2908 4,
694 2833 876 2906 salomonis,
893 2833 926 2906 4,
982 2826 1086 2898 0114444
1101 2833 1173 2890 iom-
1189 2831 1217 2891 i·
1235 2841 1301 2908 pag·
1318 2830 1388 2890 9⁰⁴·
1475 2833 1479 2835 ’

209 2923 290 2998 tobi,
304 2923 341 2998 3,
356 2925 506 2988 Hermetis
522 2928 720 3006 ‘trismegisti
740 2928 778 3003 4,
795 2927 928 2989 Platonis
1021 2919 1216 2984 GEORGIUS
1238 2923 1325 3002 441494
1347 2921 1487 2987 tammus
1508 2922 1610 2992 444440
1626 2932 1686 2996 4448·

210 3015 520 3097 Academicorumque
536 3063 543 3095 ,
561 3023 600 3096 5,
619 3023 637 3081 6
653 3069 661 3097 ‚
678 3020 707 3083 7.
723 3021 855 3100 Orphei,
871 3023 929 3099 Py·
984 3013 1042 3073 669
1061 3032 1120 3076 nou
1138 3014 1279 3088 diversus
1292 3015 1412 3080 ridetur
1425 3033 1443 3078 a
1456 3017 1581 3096 decepto
1595 3025 1689 3074 mauu

212 3109 375 3190 thagorae,
392 3114 565 3178 zoroastris.
581 3119 697 3178 &abac
710 3115 865 3177 Postremo
882 3131 929 3176 ar·
983 3108 1040 3168 cho
1054 3105 1372 3190 albanensemque
1390 3126 1482 3190 supra
1496 3126 1524 3188 p.
1543 3111 1589 3172 38.
1604 3108 1644 3168 Oe
1656 3119 1689 3168 0⁰

213 3213 360 3284 gumento
377 3207 666 3287 vertamusque
682 3209 929 3280 Caelis,iiomine
985 3202 1030 3262 sic
1049 3203 1134 3264 loen.
1146 3202 1329 3266 ¹Arentinus
1355 3206 1434 3264 iuter
1455 3206 1615 3283 scriptores
1629 3199 1690 3276 qui·

212 3303 340 3377 ejusque
356 3301 491 3375 viribus,
507 3303 639 3366 moribus
656 3311 687 3364 et
701 3302 877 3376 eventibus,
891 3301 930 3362 de
984 3295 1042 3356 bris
1053 3309 1143 3358 usum
1156 3313 1189 3358 se
1207 3298 1365 3376 prodierim
1378 3305 1450 3360 anto
1468 3298 1574 3360 tibrum
1587 3307 1692 3362 ombu-

211 3392 299 3454 bonis
317 3391 464 3472 malisque
480 3395 615 3475 angelis,
631 3397 670 3457 do
685 3396 875 3468 animalibus,
891 3395 930 3456 de
985 3388 1059 3450 dum
1079 3389 1244 3458 Annalium
1260 3390 1419 3469 Boiorum:
1447 3389 1590 3468 Georpr'roe
1612 3387 1691 3464 141140

212 3483 323 3546 Mundo
338 3491 370 3544 et
386 3487 617 3566 proprietatibus
633 3490 774 3564 Naturae,
786 3489 932 3567 operatio-
983 3480 1183 3563 Philosophus
1196 3531 1206 3563 ,
1223 3491 1351 3548 carumr
1366 3479 1692 3564 Attaiohii'iatericrio,

212 3578 364 3656 cibusque
375 3595 410 3640 ac
422 3581 545 3640 virtute:
556 3580 596 3642 de
610 3581 793 3662 quibusdam
809 3583 840 3644 S.
853 3583 932 3643 Scri·
985 3575 1180 3653 (Coeaobiam
1192 3580 1329 3656 catlitim
1344 3573 1654 3642 semiunciarum:
1669 3570 1693 3632 t't

211 3679 320 3752 pturee
337 3672 411 3735 locis
428 3673 611 3736 reconditis:
629 3675 667 3736 de
684 3675 865 3754 quibusdam
883 3679 931 3737 ocss
978 3667 1693 3754 jassaGeorpiiDuaichtineprrsoripritPrior.

212 3765 306 3828 cultis
322 3767 544 3844 operationibus
561 3768 692 3830 Naturae
712 3775 745 3830 et
772 3768 875 3846 Artis,
900 3776 935 3830 el·
1026 3763 1149 3832 Marius
1175 3769 1241 3828 sivo
1272 3772 1394 3846 patius,
1417 3774 1452 3830 ut
1478 3767 1589 3828 rectius
1620 3757 1695 3840 epod

212 3855 343 3936 denique
359 3857 397 3924 de
416 3861 477 3920 situ
494 3863 525 3920 et
542 3863 725 3939 proprietate
751 3863 931 3940 mysteriosa
986 3861 1208 3935 Passerinum,
1225 3861 1351 3922 uerear
1358 3857 1695 3924 uuouuiusvmetcs

213 3950 403 4028 quorundam
416 3952 558 4030 locorum,
573 3955 744 4032 fluminum,
756 3957 931 4032 civitatum,
986 3951 1109 4014 Ordinis
1135 3953 1336 4018 Serviturum·
1354 3957 1436 4016 circa
1463 3953 1586 4014 dudum
1612 3945 1695 4010 4484.

212 4047 362 4112 montium
381 4048 411 4108 in
428 4049 524 4111 sacris
549 4048 658 4126 litteris
686 4057 929 4112 memoratorum.
987 4045 1157 4124 umotogm
1171 4053 1205 4108 ct
1227 4048 1425 4128 Philosophus
1453 4050 1504 4127 qui
1525 4043 1643 4124 scripsit
1663 4036 1697 4101 o·-

212 4139 351 4206 Prcdiere
365 4140 439 4205 haec
456 4141 642 4222 problemata
657 4143 795 4206 Venetiis'
805 4143 884 4206 4686
901 4149 932 4207 et
986 4137 1058 4202 brot
1073 4138 1148 4202 daos
1164 4139 1200 4202 de
1217 4139 1355 4204 libertate
1366 4140 1588 4214 Ecclesiastico,
1605 4143 1636 4198 et
1651 4133 1697 4196 Vi·

213 4235 335 4298 Parisiis
353 4235 450 4311 4574,
469 4236 496 4296 4.
514 4241 546 4298 et
564 4237 637 4299 4644
655 4279 664 4311 ,
682 4238 708 4297 4.
727 4235 764 4298 ad
780 4235 930 4317 cujuspa-
986 4242 1049 4296 tem
1075 4232 1206 4316 Phib'ppi
1225 4237 1353 4300 Beniasi
1367 4239 1393 4310 al
1412 4235 1596 4308 Florentioi,
1613 4231 1696 4294 Aeco

213 4334 346 4392 stremee
359 4329 500 4392 editionis
510 4329 625 4395 calcem
642 4327 805 4407 subiuncta
819 4333 932 4392 notabo
987 4329 1066 4392 4486
1079 4327 1235 4410 detracti,
1254 4331 1420 4396 foederans
1433 4329 1560 4394 Ordinis
1570 4323 1698 4389 servito·

212 4421 348 4486 locorum
365 4441 443 4501 quae
463 4419 666 4504 expungenda
693 4425 812 4488 monuit
834 4421 934 4484 imae
987 4439 1075 4493 rum,
1092 4423 1236 4488 Carmine
1253 4427 1390 4488 ilemioo.

214 4515 399 4594 Hispaniam
409 4533 475 4594 pag.
490 4515 635 4580 too-tut.
646 4516 932 4650 conterendaetram
1029 4583 1055 4648 a)
1070 4587 1108 4636 m
1126 4585 1259 4646 tegendum
1284 4584 1351 4646 md
1369 4589 1483 4636 vossium
1507 4595 1564 4648 m·
1583 4577 1641 4629 ὅδ’.
1658 4583 1703 4640 pro

212 4661 214 4666 '
256 4659 282 4719 s)
297 4657 420 4709 colomeo.
437 4659 508 4711 italia
524 4661 647 4712 orientei.
673 4673 730 4728 pag.
755 4660 797 4714 ab.
813 4661 937 4712 ohserva-
981 4659 1097 4720 benail,
1114 4657 1176 4708 vide
1194 4655 1308 4708 litorium
1322 4657 1479 4708 eruditorum
1490 4657 1576 4706 italice
1591 4661 1651 4703 rom.
1665 4649 1703 4696 ¹1·

136 4726 139 4734 ’
211 4737 295 4784 tiones
310 4734 438 4785 ballomer
453 4739 517 4784 tom.
534 4735 550 4783 2
569 4736 725 4794 bismait.
740 4735 936 4788 icrnmonode
982 4749 1009 4799 p.
1025 4734 1081 4786 166.
1095 4733 1192 4784 tullum
1208 4735 1350 4796 ittqrurnio
1364 4735 1471 4784 hierom
1487 4723 1705 4797 rertptommflto·

211 4809 303 4859 ulrice
319 4807 463 4862 Psalmadlr
480 4821 536 4872 rap.
554 4809 592 4862 47.
609 4813 633 4872 s.
649 4813 674 4862 4.
690 4825 750 4880 pap.
767 4811 823 4864 ose.
840 4817 905 4875 opp.
984 4813 1078 4862 mutin.
1097 4823 1121 4873 p.
1140 4807 1193 4858 467.
1212 4808 1266 4858 168.
