3608 5604
256 225 298 287 od
319 223 462 289 Carolam
483 226 521 286 44.
551 225 666 303 primus
685 241 724 284 ex
749 226 829 288 blSS.
857 226 969 290 Acade-
1020 228 1079 288 ctio
1099 224 1226 304 synodis
1257 229 1402 304 praemitti
1431 228 1553 306 soleret,
1569 235 1611 294 cui
1634 253 1685 314 pre

257 323 334 382 miae
355 320 450 380 iuliae
473 317 611 396 vulgavit
631 317 821 398 Conringius'
841 322 969 382 ilelmst.
1024 320 1094 382 inde
1110 321 1159 381 illa
1173 319 1324 382 adicienda
1345 321 1478 400 Episcopi
1496 323 1686 402 judicaverunt,

259 413 344 476 4647.
368 413 396 472 4.
416 411 638 474 emendatiores
658 413 737 474 4655
758 413 856 475 tubi
879 417 968 476 etiam
1021 431 1099 492 quae
1118 419 1222 474 essent
1241 413 1303 475 loco
1324 420 1355 475 ot
1375 420 1495 494 tempori
1511 423 1688 496 opportuna·

255 506 387 586 Epistola
409 504 451 566 ad
473 503 669 585 Riebalpbaao
698 507 881 586 Episcopum
911 512 971 570 bio-
1062 507 1136 568 LEO
1157 505 1566 584 V.Ardeatiaus,ilouacbus
1579 512 1690 574 Ordiie

256 603 434 680 guatinum,
455 616 548 678 quam
570 599 664 660 babes
681 598 759 680 apud
776 601 970 663 sirmondum
1023 599 1093 661 ned.
1110 601 1187 678 Papa
1204 598 1260 660 An.
1273 601 1330 660 904
1344 618 1365 678 a⁴
1376 601 1454 682 Sept.
1466 605 1502 666 83
1516 604 1690 668 adllnrembr.

255 701 327 755 tom.
349 694 376 754 2.
399 695 511 754 Concil.
533 693 646 754 Galliae
666 713 694 774 p.
715 694 785 756 260.
802 693 969 775 Epistulam
1025 694 1063 755 48
1085 692 1198 772 dequo
1216 692 1413 756 Frodoardus:

254 785 302 848 ad
309 787 509 850 Fortunatam
524 831 529 862 ,
549 788 751 848 Patriarcbam
773 789 970 869 Gradensem,
1035 815 1093 862 eost
1104 811 1371 874 qusmtneeeateram
1379 811 1434 874 44.)
1447 813 1509 864 aeter
1522 815 1694 880 autttteoprr,

253 899 293 942 er
312 880 450 942 Dandulo
470 881 557 942 offert
579 880 725 958 Ugbellus
748 890 821 943 torn.
844 885 877 944 V.
904 902 971 963 pag.
1000 929 1001 932 ,
1467 892 1694 952 narentanorum,

256 975 345 1037 4994.
372 975 507 1034 Eeeusae
527 973 636 1034 deiude
663 976 771 1043 Leonis
793 975 882 1037 buius
904 977 971 1056 Epi·
1033 959 1695 1030 ¹³⁰¹¹⁸¹⁸²l¹¹l⁰r⁸¹¹⁰ml²¹¹m¹¹¹¹¹⁸b⁶¹'millum

254 1069 349 1130 stolae
372 1069 512 1127 intumis
538 1067 809 1144 conciliorum,et
835 1078 909 1130 tom.
937 1071 969 1132 V.
1064 1063 1139 1126 LEO
1171 1065 1218 1124 Vl.
1246 1063 1418 1140 Romanus,
1439 1067 1514 1144 Papa
1531 1065 1566 1126 ab
1586 1067 1636 1126 ost
1649 1067 1694 1128 lul.
1771 1103 1772 1120 .

256 1163 388 1241 Operum
417 1161 567 1238 Conringii
590 1179 618 1240 p.
641 1161 709 1222 587.
733 1163 899 1241 Epistulam
920 1181 971 1243 pe·
1024 1157 1043 1216 5
1064 1155 1101 1216 ad
1124 1153 1180 1218 Aa.
1204 1157 1262 1218 936
1295 1156 1379 1218 Febr.
1401 1158 1430 1218 9.
1449 1157 1540 1236 liujus
1562 1157 1697 1240 Epistolon

256 1256 445 1333 regrinorum
466 1253 677 1314 Eonacborum
695 1257 725 1314 in
743 1263 845 1316 moute
861 1256 970 1318 Oliveti
1024 1245 1066 1307 4444
1086 1247 1296 1330 4444494νί444
1310 1251 1512 1310 Viennensem
1522 1249 1698 1330 drobiepisoo
1771 1251 1772 1334 l

260 1347 460 1409 habitantium
482 1345 519 1407 ad
541 1347 670 1407 Leonem
692 1349 741 1408 444.
763 1347 856 1409 edidit
884 1349 972 1412 84444-
1025 1357 1097 1418 llum
1126 1349 1273 1404 4444440444
1310 1341 1476 1404 Ludovicus
1506 1345 1627 1406 lacobus
1648 1361 1698 1423 pag·
1770 1337 1772 1402 4

265 1443 331 1502 zius
353 1447 425 1500 tom.
446 1439 475 1500 7.
496 1441 577 1501 urse.
600 1458 628 1519 p.
651 1441 698 1502 44.
1024 1437 1082 1498 444
1101 1437 1174 1498 nint.
1193 1437 1372 1502 4444444444.
1390 1435 1448 1498 seu
1464 1439 1519 1498 mo
1534 1439 1574 1498 tx
1592 1437 1626 1498 aa
1646 1439 1700 1497 44
1770 1407 1772 1486 l

298 1535 373 1597 LEO
395 1535 442 1595 tv.
464 1535 620 1596 Romanus
652 1537 731 1614 Papa
749 1534 787 1597 ab
821 1536 880 1598 Aa.
901 1537 970 1598 847.
1023 1525 1698 1610 degariumscripsissecognosciturnoobeoli.
1771 1533 1772 1600 ζ

257 1626 352 1704 April.
374 1629 422 1688 42.
443 1627 480 1688 ad
502 1627 560 1688 do.
592 1630 661 1690 855.
693 1629 751 1690 iul.
773 1628 822 1691 47.
842 1629 879 1690 de
910 1645 970 1708 quo
1064 1623 1138 1685 LEO
1153 1625 1215 1685 vlt.
1235 1626 1401 1699 Romanus,
1426 1626 1498 1703 Papa
1512 1626 1548 1686 ab
1573 1625 1625 1687 dn.
1647 1625 1698 1684 tlt
1771 1617 1772 1660 l

259 1720 335 1782 Acta
357 1721 534 1782 Sanctorum
558 1729 629 1782 tom.
651 1720 679 1782 4.
700 1723 769 1784 iulii
792 1721 829 1784 47
849 1741 877 1808 p.
900 1725 968 1784 383.
1022 1715 1184 1777 Novembr·
1207 1719 1254 1779 444.
1276 1717 1312 1780 ad
1334 1717 1390 1778 An·
1411 1718 1478 1778 939.
1500 1717 1562 1796 Eoi·
1581 1718 1626 1780 24·
1642 1716 1699 1795 Eius
1771 1693 1772 1742 ¹

257 1813 332 1874 Eius
348 1810 500 1892 Epistoloe
517 1819 580 1874 tres
598 1815 646 1874 vel
663 1821 793 1893 quatuor
812 1814 890 1894 apud
909 1819 970 1878 Sir·
1022 1807 1157 1889 Epistola
1177 1809 1220 1872 od
1238 1812 1389 1890 Hopooem
1413 1811 1584 1872 Francorum
1615 1810 1701 1870 944444
1771 1839 1772 1858 2

257 1905 401 1968 mondum
420 1913 492 1967 toro.
511 1909 539 1968 3.
556 1907 756 1970 conciliorum
775 1909 886 1970 Galliae
901 1927 967 1990 pag.
1021 1919 1089 1982 pem
1111 1920 1148 1966 ao
1168 1905 1199 1966 S.
1222 1905 1341 1966 Martini
1369 1905 1549 1966 Turonensis
1579 1903 1700 1965 Abbaten

256 1999 306 2062 74.
326 2017 389 2078 seq.
411 2007 502 2078 atque
520 2001 548 2061 in
573 2002 771 2064 Conciliorum
797 2005 895 2064 tomis.
927 2004 967 2064 dt
993 1997 997 2006 '
1021 1995 1058 2056 de
1073 1997 1445 2060 mulieribusabadeundo
1456 1998 1595 2060 coenobio
1605 1999 1633 2060 S.
1646 1999 1703 2058 liar

255 2111 353 2156 semna
370 2093 406 2156 de
421 2093 506 2156 Cura
515 2082 682 2176 pastoraii,
698 2098 726 2156 in
749 2095 855 2158 lisdem
877 2098 967 2162 tamis
1021 2091 1075 2152 tini
1096 2091 1307 2170 prohibendis,
1327 2091 1406 2154 edita
1427 2087 1700 2154 succlamarent

255 2196 288 2249 et
308 2188 389 2269 apud
408 2191 568 2251 liaronium
590 2188 627 2250 ad
648 2205 697 2250 au.
715 2191 784 2251 854.
800 2190 860 2251 lul.
882 2209 912 2251 a.
928 2193 961 2254 44
1020 2183 1164 2263 spicilegii
1186 2202 1215 2264 p.
1238 2183 1306 2246 375.
1328 2184 1406 2261 (edit.
1438 2200 1530 2246 norae
1554 2191 1622 2246 tom.
1640 2184 1663 2242 3.
1679 2197 1699 2258 p.

257 2301 320 2362 seq.
338 2301 377 2344 ox
395 2283 538 2344 basalmo
556 2285 683 2344 Lunensi
704 2283 831 2357 obvius,
852 2285 968 2364 estSy-
1024 2276 1103 2352 37³.)
1121 2285 1211 2354 atque
1231 2279 1417 2340 emendatior
1436 2294 1454 2338 4
1477 2277 1634 2340 Galicsonio
1659 2276 1701 2336 Ga·

255 2375 371 2436 nodulis
391 2377 442 2454 qni
468 2383 541 2436 aute
562 2393 733 2436 sermonem
756 2377 888 2438 itatberii
910 2379 967 2439 444-
1024 2373 1130 2432 444444
1151 2373 1319 2434 Turonensl
1341 2373 1368 2446 ai
1390 2388 1457 2433 curn
1486 2371 1631 2433 nonnullis
1650 2368 1702 2430 tle

258 2471 396 2530 ronensis
413 2470 522 2548 legitur
538 2468 617 2547 apud
635 2468 819 2532 ilarduinum
840 2479 912 2532 tom.
931 2472 969 2533 vt
1024 2463 1131 2528 xandri
1155 2463 1205 2526 lll.
1225 2466 1390 2528 iunocentii
1411 2467 1459 2526 444.
1481 2471 1512 2526 et
1529 2465 1646 2544 aliorum
1663 2463 1703 2522 44

257 2569 285 2641 p.
304 2561 371 2622 783.
390 2562 556 2624 Concilium
578 2564 744 2624 Romanum
761 2563 820 2625 An.
841 2565 900 2626 863
920 2583 970 2628 44·
1024 2559 1074 2620 ris.
1095 2557 1181 2620 4694.
1195 2559 1271 2622 Oum
1289 2547 1344 2620 4444
1361 2558 1491 2643 Epistola
1508 2559 1536 2620 in
1549 2557 1703 2618 tomisilon·

257 2671 335 2716 noue
360 2654 485 2716 decimo.
520 2657 640 2717 Praeter
665 2657 792 2718 Decreta
819 2658 968 2736 quaedam
1024 2647 1703 2732 citiarumllegtturetiemEpistolaadGemrdro

257 2749 336 2828 apud
354 2750 488 2816 ivonem,
506 2745 693 2827 Gratianum,
709 2749 888 2813 Ansetmum
911 2754 969 2813 Lu·
1026 2747 1263 2806 Laureacensem
1285 2745 1465 2824 brobiepisc.
1486 2748 1532 2809 oui
1552 2747 1639 2806 mittit
1658 2742 1704 2822 pal·

258 2859 395 2918 oensem,
407 2845 650 2904 Panormitaaom
662 2853 693 2903 et
704 2842 898 2912 Paludanum.
914 2847 971 2907 Lu·
1025 2838 1118 2914 lium,
1141 2846 1172 2900 44
1192 2842 1281 2900 444444
1300 2836 1342 2900 od
1357 2837 1457 2900 Gallos
1472 2843 1500 2898 44
1515 2837 1665 2898 (4444444444
1677 2832 1704 2894 li

257 2935 384 2998 dovieua
404 2937 532 2996 lacobus
561 2953 589 3013 p.
617 2935 686 2997 469.
706 2936 781 2997 bibl.
802 2937 971 3000 Pontificius
1028 2935 1121 2994 variis
1144 2933 1316 3012 disciplinas
1332 2933 1555 2994 Ecclesiasticus
1569 2929 1703 3010 capitibus

260 3029 350 3090 Leoni
368 3027 697 3102 barbatoriam
712 3030 762 3089 444
771 3027 807 3092 de
823 3032 853 3092 S.
870 3029 968 3092 Petro.
1068 3025 1141 3088 LEO
1163 3027 1241 3089 lilii.
1262 3027 1433 3100 Romanus,
1448 3029 1523 3104 Papa
1538 3024 1573 3086 ab
1588 3024 1640 3086 An.
1653 3019 1704 3082 963.

301 3121 318 3159 ¹*
339 3123 444 3184 Sermo
475 3121 511 3182 de
532 3139 608 3183 corn
624 3123 775 3204 pastorali
793 3129 934 3204 quamvis
952 3145 969 3188 4
1029 3120 1184 3181 Decembr.
1206 3121 1236 3182 6.
1256 3120 1293 3181 ad
1314 3119 1370 3182 An.
1392 3121 1459 3180 964.
1489 3118 1571 3180 Febr.
1590 3119 1630 3178 Ile
1647 3116 1705 3176 Con·

261 3219 360 3277 Leone
379 3215 479 3278 editus
494 3217 568 3292 tuit,
590 3216 751 3280 identidem
767 3225 867 3280 tamen
885 3235 971 3281 seon-
1028 3212 1095 3274 cilio
1116 3215 1240 3276 ioannis
1260 3215 1314 3276 Xll
1333 3219 1439 3276 contra
1453 3215 1577 3274 Leonem
1594 3211 1652 3272 44444
1664 3209 1705 3267 lla

258 3310 355 3372 lorum
377 3325 520 3389 processu
541 3312 802 3391 interpolationem
823 3311 970 3390 admisit,
1027 3309 1132 3368 rouius
1153 3307 1191 3370 nd
1211 3309 1267 3369 dn.
1290 3309 1348 3370 964
1375 3325 1405 3368 n.
1433 3307 1460 3368 6.
1481 3307 1704 3368 constitutionem
1771 3355 1772 3376 ,

258 3402 333 3464 adeo
354 3411 388 3465 ut
409 3410 545 3466 veterem
568 3405 694 3466 termam
716 3407 767 3467 vix
789 3406 877 3468 modo
904 3409 974 3468 reti·
1027 3418 1099 3462 vero
1114 3403 1222 3462 Leonis
1244 3403 1308 3462 44444
1330 3417 1389 3480 qua
1410 3402 1440 3460 in
1461 3397 1577 3478 synodo
1593 3399 1666 3458 llam.
1679 3391 1705 3451 4.
1770 3403 1772 3472 l

260 3504 339 3558 neat.
354 3497 451 3570 Quare
471 3501 722 3578 operaepretium
744 3515 793 3562 me
808 3501 975 3562 iecissear·
1029 3497 1096 3558 963.
1113 3493 1215 3556 Ottoni
1249 3495 1324 3574 imp.
1356 3493 1481 3572 ejusque
1510 3487 1705 3554 successoribu
1770 3491 1772 3560 4

259 3589 370 3661 bitror,
392 3589 465 3650 dum
497 3598 559 3652 tres
593 3594 659 3653 eius
690 3593 833 3654 lectiones
865 3595 894 3653 in
925 3609 974 3654 ea·
1026 3591 1177 3651 concessit
1208 3589 1379 3652 facultatem
1413 3585 1535 3666 eligendi
1564 3586 1704 3646 itomanam
1771 3591 1772 3622 4

259 3681 329 3742 dem
362 3699 524 3760 expressas
544 3677 809 3762 pagelta‘arhtout
841 3687 900 3747 Ex·
918 3685 974 3746 bac
1027 3685 1199 3746 Poutiiieem
1216 3689 1248 3744 et
1265 3675 1705 3759 investiturasEpiseopistribu

258 3777 339 3838 enim
362 3778 455 3837 trium
477 3776 644 3838 collatione
666 3779 768 3839 inlerri
790 3785 855 3840 tuta
885 3777 972 3860 pos'se
1028 3779 1118 3852 endi,
1136 3777 1251 3837 babent
1270 3777 1432 3837 Gratianus
1460 3773 1528 3834 dist
1556 3772 1593 3831 69
1623 3788 1651 3830 n.
1670 3767 1706 3825 83

258 3873 421 3946 existimo,
444 3875 477 3932 ut
499 3872 528 3930 in
551 3873 662 3950 quibus
684 3879 747 3934 tres
775 3873 841 3935 illae
862 3889 974 3935 conve·
1028 3871 1232 3935 Theudoricus
1263 3871 1347 3932 4444444
1380 3869 1485 3948 aliique
1505 3874 1546 3927 et
1570 3863 1706 3926 Gotdaetos

259 3969 368 4040 aiunt,
390 3965 465 4027 baec
487 3967 605 4028 sincera
626 3969 688 4026 sint
709 3969 835 4045 monis,
858 3970 886 4028 in
910 3971 975 4048 qui·
1028 3955 1112 4028 tom
1135 3968 1162 4026 4.
1184 3966 1365 4027 Constituti.
1397 3961 1538 4042 imperial.
1558 3978 1585 4038 p.
1605 3957 1648 4018 99.
1664 3950 1703 4031 qul

259 4061 317 4124 bus
333 4076 404 4121 vero
415 4061 540 4122 minime
560 4069 742 4140 congruunt.
761 4063 835 4124 baec
855 4067 902 4124 sin
920 4065 974 4126 mi·
1028 4063 1057 4121 in
1075 4059 1266 4139 replicatione
1288 4073 1340 4137 pro
1355 4055 1480 4134 Imperio
1495 4059 1592 4114 contra
1607 4051 1705 4112 oreae

259 4171 319 4217 nus
339 4155 461 4234 spuria,
477 4160 561 4216 certe
581 4161 683 4215 tamen
707 4157 872 4236 suspiciosa
895 4156 975 4235 judi·
1034 4171 1101 4216 rum
1120 4172 1149 4233 p,
1171 4151 1230 4212 390
1251 4167 1313 4229 seq.
1333 4156 1366 4211 et
1386 4151 1488 4210 Petrus
1500 4146 1536 4208 de
1550 4147 1639 4208 llarca
1655 4134 1703 4198 viti

260 4256 380 4310 centur.
413 4247 485 4310 Vide
510 4249 667 4327 supplem.
696 4250 809 4312 Concil.
844 4253 874 4312 L.
905 4253 974 4312 969.
1030 4250 1067 4310 ta
1088 4246 1178 4308 etEO
1200 4245 1240 4306 de
1261 4242 1425 4306 Concordia
1445 4232 1704 4302 sacerdotiorum

260 4345 335 4404 Tres
353 4345 426 4404 istas
446 4342 584 4404 eiusdem
606 4341 744 4405 homiliae
762 4345 907 4408 lectiones
924 4365 975 4426 pe-
1027 4343 1116 4422 perii:
1150 4355 1334 4418 quamquam
1364 4335 1544 4415 suppositam
1563 4346 1627 4390 esee
1650 4337 1703 4385 ocu

262 4438 295 4496 tii
315 4455 353 4500 ea
385 4437 522 4514 Labbeo,
543 4439 697 4512 blartene,
718 4445 750 4499 et
770 4455 809 4500 ex
831 4441 891 4502 bis.
918 4444 975 4502 Lu·
1029 4434 1126 4496 tendit
1138 4451 1208 4496 cum
1229 4433 1354 4494 baronio
1375 4431 1481 4509 Pagina
1499 4423 1534 4488 ad
1553 4422 1634 4485 Anao
1651 4411 1700 4476 944.

261 4533 343 4592 censi
364 4531 472 4594 Codice
504 4532 747 4611 interpolationis
769 4549 840 4594 vero
866 4551 975 4597 causas
1030 4548 1059 4592 n.
1079 4525 1195 4606 tlseq.
1215 4523 1380 4608 Eputolam
1398 4521 1441 4583 ad
1463 4515 1640 4594 4444444944
1658 4505 1703 4569 lb

264 4618 353 4684 hasce
374 4627 540 4706 assignari,
562 4625 642 4705 quod
664 4627 801 4688 homiliae
823 4627 913 4691 huius
934 4629 976 4690 le·
1028 4623 1128 4684 batem
1149 4620 1186 4681 de
1207 4619 1369 4699 privilegiis
1384 4615 1523 4678 Abbatiae
1543 4607 1639 4672 biantis
1656 4613 1702 4659 rna

1030 4718 1119 4789 ioris,
1139 4714 1234 4775 edidit
1255 4713 1395 4776 Baluzius
1416 4716 1486 4770 tom.
1507 4702 1543 4768 tv
1563 4703 1634 4763 idist-
1653 4707 1702 4772 448·

300 4819 327 4880 4)
344 4825 446 4878 morou
462 4829 505 4879 aas
522 4829 616 4880 4444444
636 4826 705 4878 tosa.
722 4841 781 4892 par.
798 4829 845 4880 444
1032 4810 1100 4871 478.
1109 4809 1191 4872 Alias
1204 4805 1312 4869 Leonis
1329 4805 1476 4884 Epistulas
1492 4799 1537 4862 lv.
1549 4791 1588 4856 4444
1599 4787 1702 4854 Odeum
