3562 5582
702 97 986 163 escuinus
1536 104 1592 166 *ut

4 165 6 246 ἒ
104 197 255 262 suanm
275 199 820 281 asepmepracmaamana·
910 204 1206 281 4444444444,
1223 207 1414 284 apocopen]
1431 206 1488 268 nn.
1507 209 1594 272 4444.

102 311 151 371 qu.
167 296 251 356 Lect.
270 301 345 356 tonr.
362 296 380 355 3
400 294 688 376 circumaspersa
705 299 734 360 E.
751 315 818 378 pag.
871 298 910 360 44
928 299 1015 362 4800.
1033 299 1314 378 andegavensiset
1330 300 1460 362 44444444
1477 301 1595 379 44444444

102 388 197 449 illst
212 387 424 452 BEUNONEE
438 388 476 451 444
491 389 568 452 hello
582 391 731 456 84444444
744 397 817 455 tom
872 393 910 470 (lc
925 393 1024 468 444444)
1049 393 1190 471 Episcopi
1217 391 1448 470 andegavensis
1479 395 1517 454 ab
1537 394 1594 455 444.

100 484 113 544 4
128 485 268 560 scriptur.
282 480 614 546 EreheriGsrmanicor.
629 504 657 563 p.
672 486 733 548 449
746 484 817 546 edit.
873 485 961 548 tatu.
979 485 1016 548 44
1034 486 1122 548 4344.
1139 487 1261 548 satan
1285 486 1445 564 synodalia
1474 488 1595 566 vulgata

101 576 265 652 romanat
276 573 560 638 cammerinorum
571 577 609 640 44
623 579 817 642 Carventum
871 595 889 638 a
905 579 1051 642 Dacherio
1066 585 1139 642 tom.
1157 579 1209 640 xl.
1227 579 1371 658 spicilegii
1386 597 1414 658 p.
1428 579 1497 642 tut.
1514 579 1594 656 (4444.

4 713 5 738 i
98 669 317 748 Episcoporum
334 669 513 748 Capuanum
524 669 584 732 444.
596 672 684 740 4084.
698 669 773 734 Vide
786 678 818 732 et
872 689 968 734 novae
984 679 1058 736 tom.
1076 675 1103 734 4.
1121 685 1191 750 pag.
1206 670 1275 732 744.
1294 671 1372 746 747.)

96 761 227 842 Wigulei
245 761 335 824 Eund
350 763 540 842 metropolim
553 765 816 842 Salisbnrgsnsem
912 767 944 828 S.
960 767 1149 828 GELASIUS
1167 767 1188 826 l.
1207 766 1314 831 Valerii
1331 767 1442 841 Filius,
1472 769 1593 830 4444444

97 869 164 934 pag.
184 855 213 914 a.
542 897 545 902 -
871 858 962 932 ater,
987 862 1141 922 Romanus
1168 859 1368 920 Pontiieaab
1384 859 1442 922 4444.
1469 862 1537 922 tus.
1556 861 1596 922 44

136 948 154 984 “
170 947 239 1010 Alia
254 947 627 1032 abepietola,'legnageiii
642 969 732 1032 opera
751 954 819 1016 4444-
872 952 996 1018 Annum
1024 954 1094 1019 496..
1124 953 1155 1014 4.
1184 953 1212 1014 8.
1247 953 1401 1032 Septemb.
1433 953 1471 1016 444
1505 955 1595 1036 cujus

4 1027 6 1108 Ῠ
94 1043 385 1120 paramonarium
408 1043 558 1106 immerito
576 1051 677 1124 potest
694 1046 818 1108 historia
873 1047 994 1125 scriptis
1018 1046 1093 1110 haec
1121 1047 1215 1110 44444
1242 1061 1321 1124 quae
1337 1046 1465 1110 dictisa
1493 1065 1543 1110 me
1565 1051 1596 1108 in

95 1135 150 1196 illa
161 1135 202 1196 ab
218 1135 288 1208 hoc,
309 1141 442 1213 utputo,
456 1134 679 1218 salisburgensi
697 1137 820 1202 Archio-
873 1138 1056 1202 Bibliotheca
1072 1140 1186 1218 Graeca
1204 1148 1276 1203 tom.
1294 1142 1347 1202 444.
1364 1156 1431 1220 pag.
1448 1142 1593 1204 4444444

93 1228 218 1308 pisuupu
233 1230 360 1307 scripta,
377 1229 415 1290 44
428 1223 732 1312 qualianegaldusin
747 1249 821 1314 opu·
872 1239 906 1294 44
922 1233 1081 1296 clarissimi
1098 1237 1190 1298 Caret
1212 1233 1474 1296 obseruationibus
1489 1232 1596 1312 adjun-

4 1303 6 1364 ἦ
94 1321 179 1382 44444
195 1327 303 1382 contra
321 1321 505 1384 Wolieinum
522 1324 741 1386 Coloniensiem
754 1325 821 1388 rul-
873 1343 953 1405 gsm.
980 1329 1105 1390 Praeter
1140 1327 1293 1408 Epistulas
1319 1328 1398 1390 xvi.
1426 1319 1532 1390 obvias
1563 1331 1593 1390 in

94 1417 375 1494 priuatim-storto
399 1415 545 1480 anecdot.
576 1425 598 1478 4.
617 1420 664 1482 44.
689 1421 750 1497 agit
769 1419 819 1480 iris
873 1420 1074 1484 Consiliorum
1101 1423 1212 1498 tomis,
1229 1421 1392 1499 inquibus
1419 1426 1451 1482 et
1479 1419 1597 1482 illaad

4 1551 5 1554 ,
92 1509 194 1570 verbis
221 1525 288 1587 cap.
315 1511 356 1570 44
379 1509 492 1571 Contra
518 1527 606 1592 pacm
633 1513 817 1592 (Gregorium
873 1511 1016 1575 saonam
1031 1513 1239 1582 arelatensem
1254 1514 1458 1592 Episcopum,
1475 1531 1514 1576 ex
1535 1515 1596 1576 Sir-

4 1649 5 1660 .
95 1602 288 1682 4444444444
321 1602 410 1684 impie
434 1603 525 1666 etiam
545 1606 709 1668 4444444444
729 1609 818 1684 Lepas
875 1605 976 1668 mnudi
993 1609 1066 1670 lum.
1090 1608 1117 1668 l·
1141 1607 1290 1670 Concilicr
1306 1607 1420 1668 Galliae
1436 1621 1502 1685 pag.
1525 1609 1595 1670 458.

4 1733 5 1760 l
93 1693 211 1756 44444444
224 1701 329 1756 amum
342 1698 402 1773 sii,
418 1695 507 1758 tonia
523 1713 641 1778 quoqne
659 1703 752 1778 pest-'o
768 1715 819 1758 ne·
873 1705 905 1760 et
914 1699 1120 1780 postremae
1131 1700 1288 1764 4444444444
1300 1701 1484 1778 Episcopum
1499 1699 1593 1780 Lugd.

92 1789 190 1868 pmii,
209 1789 244 1850 in
256 1805 316 1869 pus
333 1789 472 1852 4444444444
488 1797 517 1854 44
532 1809 564 1854 eo
584 1795 681 1872 maqis
704 1793 736 1854 in
753 1792 818 1854 4444
872 1811 911 1856 ox
928 1793 1063 1858 4444444444
1080 1793 1153 1857 edit.
1166 1801 1238 1856 4444.
1251 1795 1286 1856 V.
1296 1793 1428 1873 spicileg.
1443 1810 1508 1872 pag.
1524 1795 1594 1858 ast.

4 1879 5 1962 4
92 1884 123 1946 E
142 1885 247 1962 Papae
273 1901 334 1944 4444
357 1885 422 1946 cirre
436 1885 540 1965 *pruni
570 1886 764 1966 quassatione
783 1889 816 1950 S.
872 1889 915 1963 (T.
933 1888 961 1948 3.
975 1886 1038 1948 edit
1054 1903 1151 1950 novae
1167 1903 1233 1966 pag.
1252 1887 1330 1961 eut.)
1356 1887 1397 1948 Et
1421 1883 1595 1964 fracmenta

93 1975 435 2056 Eccless'cptabcrnttm
448 1985 509 2055 est,
537 1997 579 2042 aa
592 1979 719 2043 historin
738 1997 817 2061 quas
850 1983 854 1992 ‘
872 1978 1004 2042 44444444
1014 1977 1220 2060 Epistularum
1233 1979 1348 2056 decem,
1359 1997 1436 2058 quae
1453 1996 1492 2042 444
1505 1981 1596 2042 44444-

94 2069 155 2130 uiri
171 2069 291 2132 initias
302 2077 408 2151 partes
429 2069 573 2148 illustris,
588 2075 766 2155 stcpprs'me
786 2075 818 2136 in
872 2075 971 2134 ctione
995 2075 1152 2137 Canopum
1170 2073 1337 2136 cardinalis
1357 2073 1458 2136 DEUS
1478 2075 1593 2136 auctr

4 2189 5 2222 i
93 2155 189 2224 4444444
205 2164 818 2248 reprojustitmfctiputisnlaburpensis
872 2169 989 2245 primus
1006 2167 1142 2245 vulgavit
1166 2167 1340 2230 Baisteaine
1368 2173 1440 2229 4444.
1460 2169 1487 2227 4.
1504 2167 1595 2230 44144-

4 2297 5 2344 .
90 2257 316 2338 archiepiscopi
329 2275 394 2322 esse
406 2258 540 2326 dieitur.
557 2259 746 2342 manifestim
770 2279 818 2323 eo-
871 2261 980 2322 etiams
995 2261 1146 2322 Romanae
1160 2277 1225 2338 pag.
1238 2259 1308 2322 eur.
1324 2261 1393 2322 449.
1405 2251 1487 2320 'adde
1504 2260 1593 2322 Bala-

4 2367 5 2372 ’
91 2357 261 2430 4444444444.
278 2353 357 2422 llaec
373 2354 570 2434 itanegardus
585 2355 745 2434 scribebat,
756 2372 818 2435 qno
872 2353 954 2416 cium
971 2360 1043 2414 44444.
1059 2353 1094 2416 V.
1111 2354 1234 2420 44444444.
1250 2370 1316 2433 pag.
1333 2354 1404 2414 sau.
1424 2354 1594 2418 Novissime

4 2435 5 2494 ἶ
94 2451 228 2526 tempure
242 2444 343 2508 44444
353 2445 518 2510 4444444444
531 2447 681 2528 antipapa
695 2452 726 2510 in
735 2452 815 2512 nivis
871 2447 962 2510 etiarn
979 2449 1011 2514 in
1028 2448 1126 2511 lucem
1143 2447 1259 2510 editum
1273 2453 1321 2508 est
1337 2463 1408 2510 cum
1425 2449 1505 2510 notis
1524 2465 1594 2510 eru·

92 2539 207 2618 434444.
223 2541 290 2600 Dixi
307 2539 532 2618 protestatione
547 2541 701 2602 historiam
716 2541 816 2604 444444
870 2538 942 2602 44444
956 2541 995 2602 44
1012 2541 1121 2602 illustri
1133 2543 1271 2620 Scipione
1282 2540 1385 2604 4444444
1399 2539 1593 2620 Supplcmea-

4 2631 5 2644 ¹
92 2649 155 2694 sam
179 2649 253 2696 esse
268 2651 338 2696 meo
352 2635 465 2713 jndicio
479 2635 517 2694 ab
532 2635 666 2712 Epistola
681 2636 816 2698 Gebhar-
870 2639 933 2694 44444
945 2633 1140 2711 trecanum,
1155 2636 1262 2698 44444.
1278 2633 1365 2698 trau.
1383 2637 1412 2694 8.
1430 2642 1462 2698 44
1475 2637 1506 2696 44
1520 2635 1592 2696 44444.

92 2728 139 2803 444;
155 2729 196 2789 444
213 2730 298 2790 enim
314 2728 353 2790 444
370 2729 504 2807 Legibus
514 2729 721 2791 saeealaribus
731 2730 814 2805 4444444,
870 2727 1026 2790 Concilior.
1040 2729 1157 2792 Veneta
1176 2731 1341 2790 novissima
1357 2736 1439 2790 tomo
1465 2730 1589 2806 quinto,
1608 2799 1612 2807 ⁸

92 2829 123 2882 et
136 2822 174 2883 de
192 2822 319 2884 44444444
337 2823 532 2884 vexationum
548 2822 691 2902 Gregorio
700 2825 764 2886 444.
778 2824 812 2885 ii·
866 2823 915 2884 444
931 2829 1000 2902 pust
1017 2823 1165 2886 FELlClS
1174 2825 1271 2902 Papae
1282 2824 1448 2901 Epistulam
1473 2822 1593 2896 444444-

95 2915 223 2978 latarum
244 2933 353 2996 parum
382 2918 597 2996 legitur‚·cam
614 2918 740 2996 epistola
761 2917 811 2977 4444
865 2921 918 2976 444
938 2915 1088 2978 adversus
1103 2915 1267 2989 44444444,
1285 2917 1424 2994 sequitur
1454 2914 1590 2995 Epistola

94 3015 166 3072 tacu
181 3009 339 3090 prodierit,
352 3010 611 3072 comessationes
626 3011 734 3072 iilaein
747 3013 815 3090 ipsa
866 3010 976 3072 Ceiasii
992 3008 1035 3072 cd
1053 3008 1233 3076 Suetonium
1254 3010 1438 3088 Episcopum
1461 3009 1588 3090 4444444,

94 3105 222 3164 4444444
240 3103 340 3165 adhuc
357 3103 572 3165 pararentue
608 3149 637 3155 ..
781 3139 785 3144 -
864 3109 896 3165 44
910 3100 1063 3165 alternati
1078 3101 1218 3164 Natalem
1237 3101 1463 3176 abbatem5ex
1478 3103 1590 3181 quibus

128 3195 286 3258 CEBENO
305 3199 333 3273 ci
348 3199 430 3258 Prior
450 3199 480 3256 in
508 3197 665 3260 4444444444
692 3198 721 3276 dl
738 3197 809 3259 Ord.
865 3195 942 3258 hanc
959 3198 1158 3274 posteriorem
1172 3196 1369 3258 Gelasiiesse
1388 3211 1446 3256 non
1460 3194 1587 3273 dubitat,
1644 3249 1646 3256 .

94 3289 203 3351 44444444.
229 3291 311 3350 cirea
336 3289 394 3350 444.
421 3289 501 3352 4440
515 3292 569 3368 qui
586 3290 625 3352 44
639 3293 714 3368 Mag.
732 3293 811 3369 Ray·
863 3292 993 3369 priorem
1008 3290 1093 3352 malit
1109 3291 1197 3350 Felici
1212 3292 1308 3368 Papae
1322 3289 1464 3352 tribuere.
1475 3291 1589 3352 Tamus

92 3383 237 3444 mundum
254 3383 474 3445 8444444444444
488 3390 520 3444 44
537 3386 613 3463 Mag.
623 3385 807 3445 Eeinherum
862 3383 899 3444 444
925 3381 1126 3444 anathematis
1155 3381 1273 3444 44444444
1297 3389 1402 3444 contra
1423 3380 1587 3459 Acacium,

91 3477 257 3538 4444444444
270 3477 300 3537 S.
317 3475 463 3556 Stephani
477 3479 674 3556 insitognntia
687 3479 808 3556 scripsit
862 3475 898 3536 44
909 3475 1120 3558 Lupercalium
1131 3475 1357 3540 intermissione
1367 3476 1517 3561 adversus
1526 3477 1589 3538 44-

93 3567 244 3648 spceulum
253 3567 432 3650 futurarum
448 3573 716 3649 tempomsm,eive
733 3574 808 3632 444·
862 3570 1061 3632 dmmaciium
1092 3571 1292 3648 senatorem,
1319 3577 1411 3648 atqua
1438 3569 1588 3633 adversus

94 3662 267 3724 4444444444
286 3665 317 3724 S.
332 3665 462 3744 Virginis
474 3663 808 3742 atuuuflaamssnoo
863 3661 1058 3742 Pelopiancm
1075 3662 1254 3726 lamentam
1269 3664 1374 3726 iisdem
1387 3665 1586 3728 Consiliorum

93 3763 138 3815 est
162 3757 202 3817 444
233 3758 368 3835 quinque
388 3757 575 3836 temporibus
597 3757 809 3840 compendium
861 3759 962 3829 tomis,
977 3745 1097 3834 iegitur,
1116 3775 1176 3819 una
1192 3775 1265 3820 cum
1280 3757 1425 3840 Sptsodnli
1446 3757 1484 3820 de
1507 3759 1604 3820 44444--

94 3849 323 3930 amoenorum
338 3851 370 3912 S.
394 3849 594 3932 uituperetis,
610 3853 670 3914 448.
692 3853 723 3912 44
752 3855 809 3916 Co-
857 3849 980 3912 44444444
997 3849 1145 3932 Episcopi,
1158 3869 1236 3928 quae
1254 3854 1400 3932 repetitur
1411 3855 1439 3914 in
1452 3855 1586 3932 Epistola

92 3941 155 4004 4444
167 3945 246 4005 444.
264 3943 374 4008 seculi.
389 3945 464 4008 4444
483 3947 600 4008 Hieron.
619 3950 685 4008 444.
701 3953 775 4010 tom.
790 3949 808 4010 3
863 3945 911 4007 44.
927 3944 1059 4022 Gregorii
1078 3946 1126 4006 44.
1144 3961 1201 4008 444
1219 3963 1279 4008 non
1298 3947 1465 4010 Concilium
1477 3948 1584 4008 Euma-

91 4035 305 4099 444444444444
333 4031 418 4116 parte
448 4040 478 4098 3.
504 4055 572 4119 pag.
598 4041 666 4102 480.
683 4042 809 4102 14444444
863 4055 936 4104 num
954 4040 1045 4101 Lxx.
1065 4041 1281 4119 Episcapornm
1299 4038 1355 4100 Aa.
1374 4039 1447 4098 404.·
1475 4040 1504 4108 44
1526 4055 1586 4116 quo

91 4129 251 4194 Codicibns
266 4131 349 4194 4488.
366 4131 518 4195 videndus
531 4131 670 4196 0444444
687 4141 759 4197 tom.
778 4137 806 4197 8.
862 4133 979 4195 celebre
1004 4134 1163 4194 4444444444
1189 4131 1225 4193 444
1257 4129 1346 4193 utne
1379 4129 1584 4210 Apoappta,

91 4241 155 4304 pag.
176 4228 240 4288 m:
341 4265 345 4274 ·
436 4263 438 4266 -
576 4269 578 4276 4
862 4225 943 4306 quod
959 4226 1079 4288 Gelasio
1103 4229 1196 4288 etiam
1223 4223 1405 4288 adscribitur
1422 4225 1451 4284 in
1470 4225 1586 4288 THEO-

4 4347 5 4358 4
121 4321 262 4398 Magister
270 4319 471 4397 CEBUINUS,
486 4320 640 4382 4444444444
653 4321 806 4386 Ecclesiae
861 4321 1168 4384 nocimentorum
1182 4334 1246 4400 cap.
1259 4319 1286 4380 4.
1301 4323 1368 4397 pag.
1388 4317 1454 4380 404.
1471 4324 1585 4398 etpost

35 4464 41 4476 .
90 4413 259 4474 Cocanicus
277 4419 310 4474 et
325 4413 437 4476 Cantor
463 4415 542 4479 circa
566 4415 624 4476 tn.
654 4417 741 4478 4440.
764 4420 807 4478 De
862 4421 907 4475 444
932 4413 1080 4475 editiones
1107 4415 1273 4492 3444444444
1301 4410 1434 4486 prolerre
1462 4427 1495 4472 se
1516 4429 1584 4491 pro-

88 4507 175 4583 cajus
189 4505 386 4568 Sennombm
402 4509 483 4570 MSS.
502 4510 531 4568 in
551 4508 686 4570 84444444.
707 4511 737 4570 S.
759 4511 809 4573 Vi·
863 4509 963 4569 444444
980 4513 1029 4566 ast
1045 4507 1268 4568 illustrissimus
1286 4505 1454 4566 Viriasius
1476 4507 1584 4568 44444-

87 4603 176 4662 ctoris
192 4601 285 4661 Paris.
300 4601 369 4662 vide
386 4602 538 4665 oudinum
555 4609 576 4664 t.
595 4605 622 4668 2.
638 4622 666 4684 p.
683 4604 770 4668 4232.
861 4596 953 4662 ninus
969 4616 1007 4660 ex
1024 4599 1131 4662 Codice
1157 4599 1289 4660 Palatino
1318 4597 1390 4660 Bibl.
1421 4599 1582 4667 4444444444

125 4735 152 4796 ,)
169 4735 208 4784 at.
223 4735 316 4784 „mm
337 4735 464 4784 emmo·
637 4775 639 4780 Ι
862 4693 1037 4756 scateam
1054 4693 1197 4771 praeclari
1226 4695 1325 4772 aperis
1342 4692 1379 4752 de
1396 4694 1582 4771 antiquitati·

4 4791 5 4800 ’
124 4809 155 4870 4)
171 4807 201 4858 at
217 4806 359 4860 44444444.
839 4787 920 4848 444
948 4788 1056 4849 florae
1091 4787 1230 4868 Coloniae
1262 4789 1461 4850 Etruscorum
1494 4789 1578 4853 44444
