3562 5582
241 115 301 176 444
816 113 1152 192 4444444444

242 215 396 282 sirmondi
420 219 561 284 Consiliis
575 215 692 282 -Galliae
712 226 783 281 tom.
807 222 835 298 3,
851 241 881 301 p.
895 219 953 283 397
1007 237 1024 282 4
1041 221 1157 285 labbeo
1173 225 1243 281 tom.
1262 223 1289 283 4.
1303 221 1341 282 de
1357 224 1388 284 S.
1401 223 1434 284 44.
1452 239 1513 302 pag,
1530 225 1581 286 464
1597 236 1687 305 saum

241 331 303 392 seq.
326 320 357 373 et
377 313 456 392 apud
475 313 594 374 Binium
615 319 707 391 atque
729 315 759 373 in
775 315 866 394 liegia
882 315 954 376 423
1009 329 1025 374 4
1042 314 1142 376 (laven
1158 313 1195 374 ad
1212 312 1332 375 Annum
1349 317 1407 376 844
1424 331 1478 376 444
1494 319 1555 379 4444
1569 319 1624 380 aori
1635 337 1681 381 444

241 407 294 467 scd
316 406 402 483 longe
423 405 605 484 plenioribus
625 423 643 468 a
664 405 811 470 84444444
837 406 956 471 84444444
1009 422 1080 468 sura
1097 408 1186 468 etiam
1205 408 1233 467 in
1248 407 1321 469 libro
1337 407 1416 469 ndito
1436 409 1602 471 Germanice
1620 414 1693 472 844-

240 501 333 560 Pnris.
355 499 433 560 4348
454 500 481 558 4.
504 499 666 562 ubi-etiam
688 501 832 582 schedula
852 501 891 562 da
907 517 957 581 op
1010 498 1159 561 mnrr'scbo
1175 499 1372 562 Nocltm'obten
1385 517 1441 562 ooo
1457 501 1586 564 8444444
1602 501 1631 562 io
1649 504 1694 564 der
1764 567 1765 574 ¹

241 593 408 672 pedatiam,
429 598 461 652 44
481 592 518 654 ad
540 594 652 672 Regem
667 596 762 655 missa
779 595 955 656 satisfactio:
1013 589 1237 654 immorarier
1249 593 1418 684 bibliothec,
1433 593 1518 656 ilalae
1535 595 1687 658 4743844
1763 581 1765 660 ἶ

241 686 321 748 unde
342 687 469 764 repetita
488 689 519 746 in
541 688 632 747 tornis
656 687 857 749 Consiliorum
884 687 958 749 Lab-
1013 703 1079 766 pag.
1092 685 1151 747 373
1163 703 1227 766 seq.
1238 685 1299 748 867
1315 689 1459 766 seq.i05l
1481 703 1542 766 seq.
1555 695 1584 748 st
1599 689 1695 750 44444.
1764 693 1765 700 ’

242 782 287 841 444
309 781 385 840 vlit.
406 778 551 840 llarduini
565 780 599 840 V.
611 787 643 840 44
657 781 752 844 844444
768 781 806 842 Χ.
822 780 881 841 Sed
897 783 959 854 sin·
1013 797 1078 860 pag.
1097 778 1154 840 407
1166 795 1229 858 seq.
1247 780 1394 842 Nonnulla
1408 782 1531 860 repetita
1543 797 1579 840 ox
1594 781 1697 859 Capitu-

240 874 343 952 gulare
373 870 511 953 Plulippi
533 869 648 932 labbei
677 875 841 952 meritum,
860 892 876 934 a
899 889 958 953 quo
1013 873 1124 934 laribus
1139 873 1235 935 Caroli
1251 873 1336 934 Calvi
1351 881 1384 934 ut
1398 879 1468 932 tom.
1481 873 1508 949 8,
1521 891 1584 952 pag.
1599 875 1649 936 436
1656 875 1695 935 vei

240 974 395 1045 praeterea
415 970 506 1028 etiarn
526 985 564 1028 er
585 967 694 1031 Codice
715 969 847 1030 Palatino
862 969 956 1048 quiin
1013 983 1052 1027 ex
1070 965 1235 1030 Flodoardo
1251 973 1286 1028 ut
1303 971 1373 1026 tom.
1391 968 1419 1040 2,
1434 983 1498 1046 pag.
1515 967 1572 1031 344
1587 965 1638 1027 497
1650 967 1697 1028 644
1764 963 1765 966 ’

240 1060 414 1124 Vaticanum
427 1059 639 1121 bibliothecam
651 1064 779 1138 transiit,
791 1062 958 1142 publicatas
1013 1059 1071 1120 833
1088 1059 1147 1119 846
1169 1059 1228 1120 843
1245 1057 1305 1119 843
1329 1059 1397 1118 844.
1412 1065 1444 1120 44
1459 1066 1529 1120 tom.
1547 1062 1574 1121 4.
1592 1061 1696 1138 uastat.

241 1158 317 1215 snm
335 1154 515 1215 lllNGllldlll
543 1147 705 1216 4444444444Ι
723 1153 875 1234 Epistulae
895 1157 957 1214 ocio
1011 1158 1044 1214 44
1059 1170 1097 1212 ex
1119 1151 1282 1231 appendice
1297 1150 1335 1214 ad
1351 1151 1542 1214 liodoardum
1561 1163 1620 1232 pag.
1641 1151 1698 1214 333
1764 1153 1765 1230 ζ

240 1251 317 1308 satis
337 1248 477 1325 prolixae}
491 1251 629 1328 scriptae
650 1249 680 1308 in
703 1240 806 1309 444444
822 1249 952 1326 causat
1011 1245 1077 1306 Alia
1090 1243 1153 1323 jam
1174 1245 1353 1325 vulgaverat
1376 1245 1550 1332 sirmondus
1564 1251 1638 1306 tomo
1652 1253 1700 1305 444·
1764 1239 1765 1248 ³

245 1342 272 1400 4.
289 1339 331 1399 od
349 1337 715 1402 Clerum'lcndmacmem
735 1343 755 1404 3
776 1342 834 1403 354
854 1345 873 1402 6
893 1340 960 1402 744
1014 1340 1055 1399 444
1074 1339 1275 1402 8444444444]
1295 1339 1406 1402 Galliae
1429 1355 1465 1400 cx
1483 1339 1585 1401 Codice
1601 1334 1700 1399 44444-
1764 1351 1765 1356 ’

243 1436 272 1494 8.
292 1433 334 1494 od
350 1433 547 1494 Hinomorum
559 1433 796 1496 laudunensem
813 1429 873 1498 llas
890 1435 961 1514 Epi·
1015 1434 1120 1508 nensi,
1138 1439 1172 1494 ut
1188 1449 1266 1512 qnae
1280 1437 1351 1492 4444.
1369 1433 1559 1495 altinonam
1581 1437 1701 1508 repeton·
1763 1493 1765 1512 ¹

243 1527 337 1590 stolae
357 1545 395 1586 ex
417 1527 523 1588 Lnbboi
537 1527 674 1588 »editione
694 1531 864 1590 racusaein
885 1530 962 1591 844-
1015 1533 1065 1588 444
1082 1527 1225 1606 papatis
1238 1526 1296 1587 839
1314 1523 1372 1587 375
1386 1524 1444 1588 tls
1460 1523 1527 1585 647.
1543 1531 1573 1586 44
1592 1531 1655 1584 tom.
1673 1527 1701 1598 4,
1763 1533 1765 1608 j

242 1621 318 1680 ciliis
335 1621 476 1682 llarduinl
487 1621 641 1683 etGoleti:
659 1621 783 1683 eaedem
797 1630 871 1684 sunt
884 1637 961 1700 quas
1013 1634 1080 1698 pag.
1105 1617 1164 1682 740
1181 1621 1256 1681 744.
1282 1618 1361 1682 Ante
1384 1615 1572 1679 sirmondum
1586 1607 1702 1678 'loommt
1764 1635 1765 1696 )

144 1718 150 1729 “
246 1716 531 1793 tanquamprirnnm
551 1714 747 1776 editasollsrt
767 1713 962 1776 doctissimus
1016 1714 1152 1774 44444444
1170 1715 1200 1775 S.
1222 1713 1425 1792 llloguntiae
1442 1711 1527 1773 aiot.
1544 1712 1560 1770 4
1576 1715 1636 1771 octo
1647 1707 1703 1787 Epi
1763 1749 1765 1792 ,

241 1803 779 1886 Eocardus'iocorporescriptorum
795 1807 963 1869 mediiaevi
1018 1809 1113 1868 stolas
1134 1806 1287 1881 ediderat,
1308 1822 1343 1867 eo
1369 1797 1470 1866 ordine
1489 1821 1548 1883 quo
1567 1801 1639 1881 apud
1655 1801 1710 1862 sir,
1763 1837 1765 1902 ἶ

243 1908 264 1962 t.
284 1903 312 1977 2,
334 1921 362 1981 p.
388 1901 447 1964 376
468 1918 533 1980 seq.
745 1931 749 1942 ·
787 1947 791 1954 .
1017 1900 1161 1962 mondum
1173 1905 1299 1962 exstant
1314 1905 1386 1960 tom.
1398 1899 1426 1972 3,
1440 1915 1504 1977 pag.
1525 1896 1577 1958 479
1592 1895 1699 1956 lailot
1763 1903 1765 1982 )

281 1994 518 2072 4444444444Βῦ8,
543 1994 723 2074 llipmarus,
756 1994 959 2074 imperemus,
1015 1995 1074 2056 846
1092 1993 1149 2056 tal
1166 1993 1297 2055 749783
1311 1992 1378 2054 864.
1396 1993 1477 2054 44444
1497 1989 1622 2070 Epistola
1638 1985 1704 2066 apud
1763 1995 1765 2104 j

243 2089 388 2148 Turriano
404 2089 431 2163 4)
452 2087 594 2166 {prome
617 2096 708 2151 natus
724 2087 759 2148 Α.
782 2090 835 2150 884
859 2087 961 2150 etsub
1016 2087 1146 2150 eundem
1166 2090 1314 2148 liusaeum
1340 2103 1406 2165 pag.
1429 2079 1702 2146 interioritati

241 2177 380 2240 llilduiuo
407 2181 577 2241 canonicus
594 2182 624 2240 in
646 2180 772 2243 Abbatia
788 2182 819 2242 S.
838 2183 960 2260 Dionysi
1018 2182 1137 2240 nominc
1158 2179 1322 2258 scriptaad
1347 2181 1492 2239 loannem
1505 2177 1580 2237 vtll.
1595 2177 1703 2253 Papam,

242 2274 332 2332 Paris.
348 2271 420 2332 indo
434 2271 686 2352 archiepiscopus
702 2274 740 2336 ab
754 2273 841 2335 duno
855 2275 914 2335 844
929 2276 959 2334 44
1015 2273 1094 2352 apud
1109 2273 1300 2335 sirmondum
1315 2286 1379 2352 pag.
1397 2269 1464 2331 738.
1480 2269 1607 2350 Epistola
1619 2266 1651 2327 dc
1661 2281 1704 2344 pe

241 2365 336 2426 Gellia
352 2367 511 2432 {lemensis
523 2381 626 2446 usque
642 2367 679 2428 ad
696 2367 818 2429 Annum
833 2385 893 2444 quo
910 2368 962 2430 da-
1018 2371 1121 2427 tostnte
1137 2366 1231 2445 liepio
1254 2371 1284 2426 et
1310 2361 1468 2445 Pontificio
1491 2380 1581 2441 quom
1603 2357 1704 2421 4444444
1763 2401 1765 2442 ,

241 2459 333 2518 cessit
351 2457 406 2520 dn.
425 2459 485 2520 888
501 2459 550 2520 83.
568 2461 726 2523 Decembr.
748 2463 873 2522 inunxit
898 2463 962 2524 sive
1018 2459 1178 2522 Goidnstus
1194 2462 1224 2521 in
1239 2453 1417 2522 Monarchia'
1429 2459 1544 2536 imperii
1560 2461 1581 2515 t.
1598 2457 1630 2528 4,
1645 2453 1702 2530 pi.
1763 2447 1765 2472 ¹

156 2609 159 2616 ,
233 2549 503 2630 coronavitllsges
517 2553 659 2614 Carnium
674 2555 803 2619 8414444
819 2547 847 2629 b)
862 2557 891 2615 in
908 2557 965 2616 444-
1016 2560 1068 2632 atq
1082 2573 1091 2628 ;
1107 2553 1280 2614 inscribitur
1297 2551 1338 2613 nd
1353 2549 1580 2614 carolomanum
1594 2550 1702 2624 degent,

242 2661 309 2720 gem
327 2642 503 2722 dustrasiae
519 2643 575 2706 An.
597 2645 672 2706 869.
696 2650 804 2722 444444,
822 2654 890 2727 post
911 2651 965 2708 Lo
1009 2646 1159 2709 'ludovici
1182 2647 1265 2708 Belbt
1293 2647 1367 2726 lmp.
1391 2643 1501 2719 filium,
1515 2649 1546 2704 44
1568 2640 1704 2720 spemn

242 2737 372 2798 44444444
390 2736 584 2799 defunctum:
607 2740 849 2802 llermintrudcm
877 2743 963 2819 Regi·
1018 2741 1185 2802 Frnacrcc:
1203 2755 1361 2819 perperam
1388 2738 1455 2801 data
1482 2731 1702 2816 perhibeturln.

242 2847 322 2907 nam,
336 2830 436 2892 Caroli
454 2823 579 2892 uxorem
594 2833 621 2908 4)
639 2832 826 2894 Ludovioum
844 2834 880 2894 ll.
898 2835 964 2895 Bal·
1017 2833 1076 2894 884
1089 2849 1159 2894 oum
1171 2833 1236 2910 iam
1250 2833 1307 2896 An.
1323 2833 1393 2893 889.
1408 2833 1584 2892 llinomarus
1601 2823 1701 2887 obierit:
1763 2909 1765 2918 1

241 2923 313 2987 bum
330 2923 359 3000 44)
377 2925 407 2984 in
427 2923 538 3002 liegem
565 2927 748 2988 Francorum
767 2926 823 2988 Aa.
842 2925 910 2988 877.
933 2929 963 2987 44
1016 2935 1047 2987 44
1060 2928 1212 3006 Epistolae
1227 2925 1311 2988 illius
1323 2925 1404 3005 apud
1425 2927 1572 2986 Baseenm
1589 2934 1646 3000 pag·
1664 2915 1701 2975 22
1763 2925 1765 2936 ⁴

241 3017 423 3096 compendio
438 3017 561 3096 palatio:
572 3025 613 3084 ‚ut
626 3018 743 3094 Judith,
760 3015 962 3081 844444844νί
1022 3021 1131 3082 titulus
1151 3026 1199 3082 est
1219 3019 1262 3081 od
1277 3019 1436 3100 Episcopos
1455 3016 1616 3088 Francius,
1629 3019 1703 3088 atque

241 3112 331 3172 liliam
349 3112 377 3187 4)
392 3128 463 3172 curn
480 3113 552 3191 Regi
580 3111 747 3192 bogiorum
763 3112 963 3174 Eddullods
1016 3115 1094 3194 apud
1110 3114 1301 3177 sirmondum
1317 3121 1388 3176 tom.
1406 3113 1434 3187 3,
1445 3129 1510 3192 pag.
1524 3103 1704 3183 84644844-
1762 3101 1765 3144 ⁴

152 3258 155 3266 .
240 3211 382 3283 sponsata
399 3212 491 3266 esset.
509 3205 650 3268 Pluribus
665 3207 803 3268 ‘interluit
821 3207 961 3284 synodis,
1016 3225 1119 3289 scopos
1140 3207 1332 3288 repetitam
1355 3211 1488 3270 Busaeus
1501 3205 1527 3278 4)
1542 3206 1571 3264 44
1584 3199 1704 3282 paralipo-

240 3306 412 3378 aomagnas
432 3307 488 3359 r'es'
501 3303 616 3378 gessit,
633 3307 667 3362 ut
688 3317 726 3360 ex
744 3299 908 3361 Flodoardo
929 3306 960 3360 et
1016 3305 1113 3364 menis
1124 3302 1339 3381 opusculorum
1348 3301 1426 3362 Petri
1438 3297 1603 3360 lilaessnsis
1611 3298 1639 3354 44
1649 3290 1704 3351 alic

240 3392 306 3453 eliis
322 3399 492 3470 temporum
510 3393 628 3454 illorum
648 3394 853 3472 scriptoribus,
871 3399 902 3454 44
922 3411 960 3456 ax
1015 3415 1098 3472 rum,
1115 3399 1246 3476 lingunt.
1258 3395 1337 3458 4643
1352 3395 1370 3454 4
1387 3392 1461 3454 duas
1474 3388 1618 3451 4444444444
1634 3386 1658 3444 44
1669 3382 1705 3442 lu·

239 3485 335 3563 ipsius
346 3496 466 3562 qnoque
478 3487 737 3547 lucubrationibus
750 3489 960 3566 cognoscitur:
1015 3507 1082 3551 4444
1098 3487 1182 3550 dedit
1198 3488 1348 3567 Epistulas
1374 3485 1514 3565 repetitas
1531 3499 1552 3547 4
1573 3472 1705 3544 sirmondo

239 3578 448 3639 vehementior
478 3581 569 3640 etiarn
600 3578 793 3642 adversarius
821 3577 963 3641 8044444-
1016 3590 1088 3644 4444.
1099 3583 1200 3660 apag.
1212 3581 1273 3644 385
1285 3575 1393 3642 44768.
1404 3575 1569 3650 Qune'vero
1579 3566 1704 3635 llincmou'

240 3671 401 3733 38444484
416 3677 448 3731 44
465 3670 829 3733 Prncdestr’ootiomorrm.
846 3675 961 3752 Scripta
1015 3675 1159 3756 opuscula
1184 3675 1334 3754 publicata
1349 3681 1419 3735 sunt
1437 3688 1454 3733 a
1470 3671 1538 3732 Vim
1558 3665 1703 3748 praeclaro,

239 3763 307 3842 ejus
316 3764 439 3842 collegit
454 3771 546 3843 atque
564 3773 706 3828 accurato
723 3773 758 3828 ut
772 3769 849 3828 solet
863 3767 962 3828 studio
1015 3772 1127 3829 144444
1156 3767 1297 3831 cordesio
1326 3767 1446 3828 Parisiis
1467 3765 1543 3825 4643
1565 3762 1583 3822 4
1601 3757 1703 3836 repetiti

238 3857 332 3920 edidit
346 3858 478 3920 lacobus
499 3860 681 3923 sirmondus
703 3863 794 3922 Paris.
815 3861 893 3922 4644
914 3860 964 3920 444.
1017 3879 1086 3925 oum
1108 3861 1277 3924 Busaeanis
1298 3863 1388 3922 etiarn
1409 3859 1438 3918 in
1457 3855 1656 3935 supplemento
1668 3845 1703 3908 iii-

238 3950 357 4037 duobus
369 3952 596 4029 voluminibus,
612 3959 780 4032 praemissa
793 3955 857 4016 utili
873 3969 964 4032 syoo-
1017 3957 1181 4034 bliotheoae
1197 3958 1318 4017 Patrnm
1329 3954 1420 4014 Paris.
1437 3951 1512 4012 4639
1526 3956 1595 4008 tom.
1611 3945 1637 4020 8,
1651 3955 1703 4020 pta·

139 4036 140 4039 '
237 4049 284 4125 psi
300 4043 440 4108 chronica
454 4046 491 4109 ad
515 4047 652 4109 ordinem
670 4067 771 4112 rerum
795 4051 963 4111 444144444-
1017 4050 1075 4112 386
1101 4067 1165 4128 seq.
1192 4055 1223 4109 44
1245 4049 1274 4109 in
1301 4044 1486 4120 Coloniensi,
1507 4049 1576 4102 tom.
1602 4039 1647 4099 444.
1665 4029 1702 4092 illl

238 4141 444 4220 telligendnm.
470 4144 638 4204 4444444444
667 4145 781 4224 scripta
809 4145 857 4204 illu
880 4148 963 4204 osset
1016 4146 1054 4207 ad
1079 4144 1177 4206 llStos
1207 4141 1332 4204 Codices
1362 4139 1507 4200 recensita
1527 4134 1613 4196 hebet
1630 4129 1702 4190 etiam

238 4235 369 4312 pretium
388 4251 507 4314 operae,
524 4237 581 4296 nisi
600 4237 712 4298 lectum
728 4238 800 4300 illud
812 4237 875 4315 iarn
887 4236 961 4295 44444
1016 4237 1194 4301 sirmondus
1214 4243 1287 4297 tom.
1308 4236 1337 4311 2,
1358 4249 1423 4314 pag.
1445 4231 1501 4293 488
1522 4228 1579 4290 343
1595 4221 1646 4286 877
1657 4217 1703 4278 689

940 4345 942 4354 ’
1016 4333 1068 4395 734
1094 4338 1126 4393 44
1144 4331 1213 4393 746.
1244 4328 1377 4409 Epistola
1398 4323 1434 4387 ad
1460 4323 1610 4402 Egilonern
1629 4326 1702 4394 quam

233 4504 264 4554 6⁴
279 4431 451 4561 egboggtoffi
468 4447 522 4561 414441
542 4435 687 4561 4248454444
710 4435 859 4500 spostolus
880 4449 905 4498 p.
920 4435 960 4486 44.
1014 4427 1101 4490 444444
1116 4425 1269 4487 Grlbertns
1285 4422 1465 4500 llanguions
1484 4425 1555 4477 tom.
1575 4417 1601 4476 4.
1621 4413 1705 4472 arom

267 4537 274 4555 ·
320 4543 329 4558 ·
378 4544 386 4560 .
453 4547 462 4563 .
527 4549 534 4564 .
602 4518 677 4562 ,444.
1392 4531 1393 4534 =

278 4579 307 4640 b)
322 4585 383 4634 tom.
401 4583 423 4635 l.
440 4590 505 4651 opp.
523 4589 656 4638 lllnelnerl
673 4599 698 4648 p.
715 4566 780 4639 ill.⁸

279 4653 304 4714 o)
323 4658 362 4708 14.
378 4669 435 4722 pag.
449 4661 508 4714 734.
1054 4653 1080 4714 4)
1099 4653 1155 4703 sito
1171 4663 1236 4715 onoc
1253 4663 1311 4701 cunr
1327 4647 1510 4700 tttncmsrlrolr
1526 4642 1552 4692 tn
1562 4643 1663 4698 4444444
1673 4627 1706 4678 ¹¹¹⁰

277 4727 307 4788 Δ)
325 4731 358 4784 Η·
372 4743 426 4793 418·
441 4733 500 4784 ⁷4⁷·
1011 4730 1139 4781 rolunrinc
1156 4727 1421 4789 summouentem,
1438 4717 1494 4771 rldo
1519 4720 1543 4766 ln
1565 4717 1592 4762 4.
1616 4709 1706 4758 abone

279 4803 303 4866 e)
321 4805 353 4858 u.
364 4809 485 4870 444754.
1008 4809 1087 4872 4444
1105 4805 1169 4856 inm
1185 4804 1216 4854 rs
1232 4799 1403 4852 44444444
1417 4800 1520 4846 narrum
1530 4801 1591 4852 444
1603 4779 1709 4836 erran
