3624 5600
775 89 789 150 i
804 87 870 150 Oli
887 91 911 149 4
927 86 948 147 S
1551 88 1613 151 tte

109 192 216 268 eurio,
241 192 354 256 itidem·
371 194 449 261 inter
477 191 576 256 445455
599 195 698 273 Opera
715 201 787 256 tom.
810 198 829 256 3
884 213 970 270 rum,
991 193 1071 274 quod
1093 193 1198 258 carolo
1219 193 1346 256 Galvoa
1367 195 1444 254 iona
1467 193 1602 256 oblatum

108 304 176 364 pag.
194 287 263 348 843
281 293 313 348 54
329 286 410 366 apud
427 286 550 348 Surium
565 333 572 362 ,
589 287 638 350 29.
660 290 745 350 44544
771 290 831 350 445-
885 296 942 350 554.
969 290 1049 350 ilaec
1068 296 1171 350 autem
1192 289 1285 348 ionae
1307 293 1355 346 est
1384 287 1556 362 sententia,
1584 290 1610 362 5)

106 379 263 442 4444554545
285 380 398 442 8554.
416 378 602 442 Benedictio.
622 399 690 460 pag.
714 384 780 444 445.
799 389 831 441 54
886 399 947 444 non
970 382 1143 444 idololatras
1169 379 1325 443 45455455
1341 379 1475 442 55445455
1508 381 1612 458 quale
1673 442 1677 449 ,

75 465 84 492 ”
109 473 140 530 45
157 473 243 532 45445
267 473 405 534 sanctor.
431 479 503 540 tom.
522 472 653 549 34454444
673 491 739 553 pog.
761 473 832 536 786.
887 491 1023 554 mutaque
1041 476 1206 552 imaginum
1224 473 1252 547 4)
1275 488 1345 550 nam
1360 478 1392 531 et
1407 487 1440 532 se
1458 472 1526 532 illas
1541 472 1612 532 ado-

107 581 189 632 cum.
207 564 389 626 ilensoheoii
408 566 498 626 notis.
799 611 803 620 .
886 583 954 628 rare
969 583 1052 627 more.
1071 569 1297 637 Ecclesiastico,
1314 567 1341 640 5)
1360 565 1415 624 hoc
1432 570 1481 626 est
1497 565 1611 626 saluta-

154 657 250 718 Va'inna
279 654 438 738 Bertoipha'
454 657 581 720 4445445
607 659 726 722 obviem
752 660 831 740 apud
887 660 1086 738 re:aliquem
1105 647 1346 720 eni'mhonorem
1362 658 1520 718 etcoltum
1537 659 1613 720 San·

109 752 234 814 Surium
256 753 304 813 49.
325 751 459 830 August.
480 752 684 814 mabillonium
710 755 777 816 Sec.
803 755 831 815 il.
887 755 965 828 ctis,
980 769 1145 830 eorumque
1164 754 1326 814 memoriae
1351 767 1386 812 55
1404 752 1541 829 reliquiis
1560 751 1613 812 de

49 915 54 925 ,
106 844 294 925 Benedictio.
309 861 376 924 pag.
391 846 461 908 446.
477 852 509 908 54
526 847 605 907 45454
621 845 719 908 445455
737 846 832 926 Opera
890 846 1066 924 4545545544
1099 847 1128 921 4)
1156 846 1333 922 neutiquam
1362 851 1464 904 tamen
1496 859 1549 905 555
1578 857 1613 904 se

111 943 185 998 torn.
201 938 220 1000 3
237 955 303 1017 pag.
321 935 391 998 4448.
704 956 708 963 ·
890 939 1015 1002 5454545
1031 946 1065 1000 54
1080 939 1282 1016 Dominnmgl
1297 937 1351 998 sed
1369 938 1612 1016 superstitiosam
1704 967 1707 973 ·

154 1030 251 1091 Vitam
271 1031 303 1094 8.
331 1031 455 1106 Feros,
482 1034 550 1094 sire
581 1030 834 1114 Burynadoforoe
888 1049 923 1094 ac
942 1033 1150 1116 perniciosam¹
1168 1033 1334 1108 imaginum
1351 1028 1557 1091 adorationem
1581 1029 1610 1103 h)

109 1122 290 1184 4445445555
306 1125 422 1202 primae
439 1125 650 1187 liboriacensis
672 1125 835 1186 indioeoe·
889 1123 1100 1202 emendatione
1118 1125 1223 1202 utique
1241 1121 1394 1201 indigere:
1413 1124 1473 1184 Nec
1490 1122 1614 1184 5454545

111 1218 137 1276 54
156 1215 270 1276 Galliae
298 1214 468 1292 diddensi,
491 1215 653 1280 deiunctae
681 1219 747 1280 45.4
767 1217 834 1280 657.
889 1218 1057 1278 5544544545
1073 1218 1100 1293 4)
1117 1216 1171 1277 554
1186 1231 1319 1296 magron
1337 1216 1449 1276 horrore
1461 1217 1610 1291 venerari,

109 1309 222 1370 Exstat
239 1309 323 1387 apud
337 1309 459 1372 Surium
478 1309 506 1370 3.
521 1309 614 1388 April.
630 1318 662 1372 et
680 1313 760 1372 inter
780 1314 835 1373 Be·
891 1309 1021 1389 ejusque
1038 1311 1288 1370 intercessionem
1303 1308 1383 1388 apud
1401 1307 1519 1371 44444444·
1532 1309 1616 1386 ssogi-

108 1401 166 1462 dac
187 1401 285 1480 Opera
298 1409 372 1473 tom.
390 1405 408 1464 9
426 1419 493 1484 pag.
508 1404 578 1466 858.
594 1411 626 1466 54
656 1407 685 1464 45
704 1405 836 1466 44544445·
892 1410 976 1478 4545,
992 1419 1070 1481 quae
1085 1405 1130 1464 uti
1145 1404 1270 1464 aliorum
1289 1403 1470 1464 Sanctorum
1487 1419 1542 1463 nec
1560 1419 1612 1462 55·

110 1496 151 1556 4444
169 1493 235 1556 855.
253 1495 282 1556 8.
300 1493 487 1556 9555445445.
506 1513 535 1574 p.
556 1498 624 1558 499.
642 1499 701 1571 Qui
731 1505 834 1560 autem
892 1494 989 1574 ganda
1010 1495 1038 1571 44)
1056 1512 1112 1556 nec
1142 1493 1386 1574 parvipendenda
1415 1496 1444 1572 4)
1473 1497 1531 1557 sit:
1559 1511 1617 1556 nec

112 1587 190 1650 4545
208 1588 388 1652 Sanctorum
406 1597 516 1650 554554
532 1589 752 1670 4545545455,
770 1608 838 1670 pro-
891 1591 1038 1668 lmagioes
1053 1605 1165 1674 eorum
1176 1587 1339 1666 ejiciendas
1356 1589 1479 1667 templis
1502 1591 1542 1663 45)
1560 1585 1613 1648 554

113 1681 265 1742 miserunt
281 1698 348 1742 eam
365 1697 399 1742 sc
414 1680 541 1744 4545455
555 1683 583 1744 7.
599 1684 757 1746 Decemhr.
889 1679 927 1742 ad
944 1689 1086 1742 ornatum
1103 1698 1139 1742 55
1157 1682 1333 1742 memoriam
1359 1689 1391 1742 et
1407 1681 1610 1742 eruditionem

156 1772 259 1834 444455
276 1775 312 1834 44.
328 1773 364 1834 de
380 1773 445 1836 vito
462 1779 491 1837 54
504 1773 663 1838 miracolis
690 1777 721 1839 S.
747 1777 838 1836 lonn-
891 1773 1024 1835 lidelium
1042 1773 1218 1836 servandas.
1240 1774 1379 1835 Prodiere
1407 1773 1436 1834 hi
1464 1773 1528 1834 libri
1552 1775 1612 1852 pri-

112 1864 162 1926 nis
176 1863 303 1928 4445445
319 1867 509 1930 scommatis
523 1869 562 1930 54
578 1863 721 1932 Bonnam
738 1870 837 1930 4445-
893 1881 975 1928 545444
989 1866 1094 1928 Color.
1109 1867 1198 1928 4554.
1210 1866 1319 1928 454545
1337 1869 1366 1926 45
1377 1865 1619 1944 orthodoxogra-

114 1965 197 2037 tem,
211 1960 380 2038 fratresque
394 1963 614 2026 liemoattnscs:
639 1964 739 2024 Priore
763 1963 837 2024 44445
892 1957 960 2038 phis
976 1959 1113 2037 utrisque
1126 1960 1217 2020 Basil.
1231 1961 1318 2022 4555.
1337 1975 1403 2038 pag.
1423 1960 1511 2021 4499.
1528 1965 1561 2020 54
1577 1959 1613 2018 4.

113 2052 215 2112 Vitam
237 2053 275 2114 ab
301 2055 472 2132 antiquiore
495 2055 639 2118 44555545
658 2057 836 2116 [4554555554
892 2052 982 2112 4469.
1002 2067 1030 2129 p.
1049 2051 1138 2113 4586.
1165 2058 1231 2112 4554
1246 2050 1442 2130 dntwerpiac
1462 2053 1548 2114 4564.
1561 2051 1616 2114 ta.

111 2147 256 2223 scriptam
274 2153 306 2207 et
322 2146 402 2225 apud
419 2149 625 2212 ilabillonium
641 2149 763 2210 ebriam
793 2151 837 2208 in·
891 2143 1113 2206 emendatiores
1130 2142 1209 2223 apud
1228 2144 1401 2223 christoph.
1424 2145 1616 2208 Plautinum:

113 2240 296 2318 tcrpolavit:
315 2244 465 2319 posterior
489 2241 527 2304 de
544 2244 716 2320 miraculis,
734 2249 837 2304 exstat
891 2234 1000 2297 deinde
1018 2238 1047 2296 io
1066 2234 1250 2298 editionibus
1265 2239 1465 2300 Bibliothecae
1491 2242 1614 2300 Petrum

117 2331 280 2394 inlaudati
297 2333 458 2415 4454444554
475 2335 543 2398 Sec.
559 2338 587 2396 4.
601 2334 787 2400 Benedictio.
808 2353 836 2413 p.
892 2330 1036 2392 omnihus
1048 2375 1057 2406 ‚
1071 2331 1306 2407 Parisieosihus,
1324 2333 1544 2406 Coloniensi,t
1563 2331 1617 2394 444.

116 2422 185 2486 637.
206 2425 380 2504 utrumque
407 2443 478 2491 5545
506 2429 587 2488 notis
613 2426 708 2488 edidit
731 2431 839 2490 Petms
892 2425 983 2486 etiem
1002 2425 1168 2486 norissima
1191 2424 1387 2502 Lugdunensi
1403 2432 1476 2486 tom.
1495 2427 1564 2486 xlv
1585 2443 1617 2505 p.

113 2518 263 2580 45454455
275 2521 304 2580 45
317 2518 441 2581 44545445
453 2519 628 2582 4455554544
641 2527 672 2581 54
686 2520 838 2582 44454545
894 2515 965 2579 447.
991 2517 1035 2578 De
1051 2517 1119 2577 aliis
1146 2515 1266 2578 455455
1287 2517 1405 2580 Claudii
1421 2520 1618 2580 laurinensis

113 2611 351 2688 ¹lieomaeosiuna
367 2613 405 2674 ab
422 2612 480 2674 45.
497 2611 567 2676 iit.
595 2612 632 2677 54
664 2629 720 2674 555
735 2630 839 2690 usque
894 2609 1080 2676 adversariis
1095 2609 1276 2671 4444444440
1306 2617 1339 2670 54
1369 2612 1616 2674 inhonestae
1681 2669 1686 2677 .

119 2711 274 2782 45545545,
294 2707 386 2766 Paria.
405 2705 492 2770 4687.
504 2708 540 2772 ,4.
556 2706 643 2770 4445
671 2707 767 2770 caroli
785 2701 843 2768 Co·
896 2701 1034 2776 Abbete,
1052 2703 1132 2764 sicut
1149 2701 1187 2763 45
1203 2701 1372 2765 canneto
1397 2705 1463 2782 ipso
1479 2719 1620 2782 quoque,

118 2799 185 2870 iatii
201 2798 335 2864 4555455
359 2801 542 2865 8455554545
556 2805 580 2860 4.
598 2803 610 2861 4
633 2819 661 2878 p.
680 2801 749 2862 484.
767 2813 832 2878 seq.
898 2795 1014 2856 dictum
1036 2809 1093 2856 sno
1110 2795 1184 2856 loco.

118 2891 190 2952 234.
208 2891 276 2952 235.
294 2891 363 2953 340.
381 2907 445 2970 seq.
460 2899 492 2952 et
509 2899 580 2954 tom.
599 2894 618 2954 3
637 2909 666 2971 p,
681 2893 751 2954 464.
774 2907 839 2970 seq.
931 2888 1068 2950 tibrlili.
1080 2885 1116 2948 dt
1128 2885 1310 2948 t'tttit'lttlt'ont
1320 2886 1483 2950 laicorum
1497 2887 1533 2950 ad
1546 2890 1620 2950 ilat

157 2983 278 3046 iones
299 2985 468 3065 Episcopus
498 2985 537 3048 54
557 2985 614 3048 45.
635 2987 703 3050 sut.
725 2985 751 3061 5)
773 2990 842 3064 post
893 2979 1033 3056 fredum,
1060 2979 1312 3042 aurelianensem
1331 2983 1482 3044 Comitem
1499 2982 1616 3060 vulgati

117 3075 368 3155 Theodulphum,
390 3093 488 3155 usque
508 3077 547 3138 54
567 3077 625 3139 45.
647 3079 717 3140 843.
744 3077 841 3138 4545-
863 3134 867 3140 ,
892 3090 932 3136 ex
946 3073 1007 3134 ils.
1024 3071 1199 3150 Gorbejeosi
1218 3089 1235 3132 5
1254 3073 1405 3148 [tacherio
1423 3081 1498 3136 tom.
1521 3079 1533 3138 4
1557 3076 1618 3153 spi-

115 3169 284 3246 445555545,
306 3171 398 3230 variis
419 3172 562 3234 conciliis
582 3179 614 3232 54
627 3171 839 3234 Parisiensid.
896 3166 993 3244 ollegii
1012 3184 1042 3244 p.
1061 3166 1161 3227 4-463.
1177 3171 1185 3242 l
1199 3165 1271 3226 edit.
1290 3182 1387 3228 novae
1404 3177 1424 3228 t.
1445 3171 1457 3231 4
1480 3186 1509 3248 p.
1527 3168 1621 3244 848.)

117 3265 190 3326 sat.
212 3263 368 3338 interluit,
390 3269 422 3324 54
447 3263 504 3328 45.
527 3265 596 3327 844.
621 3264 727 3328 Carolo
748 3252 839 3343 Regi,
934 3259 978 3320 De
998 3257 1181 3320 institutione
1202 3258 1309 3337 45945,
1331 3260 1368 3321 54
1390 3261 1529 3338 Pipinum
1561 3262 1620 3322 lie·

116 3357 263 3420 Ludovici
294 3358 325 3416 F.
361 3357 470 3418 obtulit
491 3354 585 3420 libros
605 3357 663 3419 111.
690 3356 840 3420 adversus
893 3369 962 3430 gom
983 3352 1074 3426 liber,
1095 3352 1185 3428 cnjus
1207 3368 1314 3432 magna
1336 3371 1408 3432 pars
1422 3357 1571 3434 repetitur
1589 3356 1619 3414 in

116 3451 273 3514 CLAUDII
303 3451 443 3529 Episcopi
469 3449 683 3526 Tourinenaie,
702 3450 766 3528 jam
788 3434 854 3513 de·'
892 3445 1025 3506 Concilio
1046 3452 1133 3507 serto
1156 3447 1314 3506 Parisieosi
1336 3447 1371 3508 4.
1394 3448 1464 3510 889.
1488 3450 1609 3528 integer

115 3542 214 3607 iuneti
232 3541 260 3620 4)
276 3559 353 3622 opus
366 3541 464 3618 554454·
478 3543 644 3623 {moyseum
657 3546 840 3623 oppositum,
892 3539 1022 3616 primum
1045 3538 1105 3599 4554
1122 3537 1213 3600 45455
1230 3538 1393 3602 54554545
1412 3540 1621 3604 laudatissimo

116 3641 263 3714 excerpta
284 3635 352 3712 ejus
373 3643 491 3707 45444554
510 3636 622 3700 vidisse
643 3643 839 3700 setestatus.
894 3631 1041 3692 Dacherio
1062 3638 1135 3692 iiim·
1158 3633 1181 3691 V
1204 3633 1337 3713 spicileg·
1360 3651 1426 3714 pag.
1455 3634 1503 3696 57.
1535 3637 1620 3712 ledit.

37 3757 40 3762 ·
116 3731 194 3806 Lupi
224 3731 427 3792 Ferrariensrs
456 3747 606 3794 censurae
637 3747 716 3810 opus
749 3745 840 3794 suum
897 3739 994 3786 little
1017 3731 1090 3786 444444·
1109 3728 1136 3798 i·
1158 3742 1224 3804 4445.
1247 3727 1413 3804 3845344.)
1434 3730 1533 3792 Etiam
1554 3747 1620 3794 car-

118 3821 262 3884 submisit
293 3821 405 3897 Jonas,
426 3826 477 3901 qui
501 3823 574 3884 nihil
596 3825 635 3886 in.
650 3823 700 3884 illo
722 3831 843 3886 mutan.
897 3817 979 3878 mine
1003 3817 1265 3882 valuisseionam
1288 3828 1372 3899 patet
1390 3840 1435 3882 54
1453 3823 1622 3884 454555544-

118 3913 193 4004 dum
214 3931 284 3976 esse
298 3912 395 3976 duxit.
413 3915 489 3978 Vide
505 3917 628 3994 Pagiunr
644 3915 681 3976 ad
696 3915 757 3976 45.
772 3918 840 3978 est.
1629 3913 1640 3934 '

118 4025 150 4070 η·
172 4009 220 4068 ⁴6·
242 4015 280 4113 ef·
294 4008 450 4070 namium
474 4008 554 4114 ‚mus
574 4006 611 4068 ad
635 4011 751 4114 9⁰9⁰OE
774 4025 841 4090 9³3·
932 4047 961 4108 a)
985 4049 1079 4100 conler
1097 4053 1232 4104 ltallacurn
1251 4055 1281 4104 de
1297 4055 1452 4116 imaginihus
1469 4057 1509 4107 lv.
1529 4055 1553 4105 5.
1569 4059 1626 4106 444-

119 4102 190 4162 355.
214 4100 263 4162 544
285 4102 378 4162 454544
399 4101 542 4165 45554455
556 4115 590 4162 55
607 4117 672 4162 suis
693 4108 841 4166 tractasse
891 4121 954 4173 nar:
966 4125 1114 4186 spernenti
1132 4129 1216 4190 opem
1230 4135 1296 4180 rom.
1309 4131 1333 4178 a.
1352 4143 1409 4194 pag.
1428 4129 1484 4180 555.

120 4194 367 4256 454554455454545
399 4201 433 4254 54
461 4193 723 4271 elegantissimum
754 4195 842 4256 44445·
934 4195 962 4256 4)
979 4199 1040 4260 444·
1060 4198 1129 4250 1914·

60 4353 62 4356 .
120 4287 305 4349 4544445555
330 4287 505 4367 exemplar,
528 4287 602 4350 illud
628 4288 728 4366 ipsum
756 4290 842 4350 nimi·
935 4271 960 4398 ir)
977 4275 1038 4334 Ι’48
1057 4271 1129 4325 ¹²2⁹·

849 4379 851 4384 ·
949 4349 1035 4409 >Ple
1054 4345 1124 4400 ¹2⁰2.
1138 4347 1209 4401 4467.
1230 4365 1284 4414 seq.
1303 4350 1373 4402 tait.
1390 4350 1460 4402 4443.
1479 4351 1550 4404 isle.

68 4461 73 4469 ⁸
164 4487 386 4546 altihericnaad
404 4485 613 4548 illuminante,
633 4500 690 4552 pap
709 4488 765 4541 107,
793 4493 847 4539 pn.
935 4421 963 4545 ἓξ
978 4423 1042 4559 1¹:³3
1057 4421 1221 4552 1133331918
1240 4425 1312 4479 ¹²⁰5·
1330 4425 1403 4479 ¹⁹⁰⁶·
1419 4425 1488 4478 ¹²¹⁴·

117 4562 192 4615 44545
207 4565 312 4622 maiar
328 4563 436 4614 annales
453 4562 581 4616 ttecleslas
595 4562 680 4630 444454.
706 4577 763 4628 pag.
790 4562 846 4618 545.
938 4571 958 4628 4)
973 4573 1036 4630 aaa.
1054 4571 1127 4626 4455.

121 4635 228 4688 Carolus
245 4639 334 4687 cointe
350 4645 412 4689 torn.
440 4641 504 4688 vill.
532 4639 618 4688 annal.
644 4641 764 4690 4455554.
790 4651 847 4702 pag.
938 4642 1205 4714 rivoaltensem
1226 4651 1299 4702 4454.

118 4709 174 4760 tlt.
193 4721 246 4773 aco.
262 4713 448 4762 sammarthani
466 4717 528 4764 tom.
545 4714 561 4760 4
578 4723 636 4774 pag.
654 4711 711 4762 seii.
938 4715 1034 4779 lim·
1052 4719 1122 4772 less.

166 4786 198 4846 4)
209 4785 270 4837 tide
281 4786 514 4852 04454545444544
525 4799 583 4851 pap.
595 4785 665 4838 ttae.
679 4784 732 4836 5444
741 4789 848 4852 primae.
943 4791 979 4853 45)
1002 4797 1066 4856 rag.
1084 4789 1153 4848 teni.
