3562 5582
90 191 325 256 archidiaconus
345 191 443 254 medio
464 193 574 258 Secuto
600 195 665 256 xi.
686 195 807 273 scripsit
860 195 1031 258 Germanic.
1051 187 1080 274 p.
1104 195 1171 257 420.
1194 209 1240 272 sq.
1262 199 1294 253 et
1314 191 1349 254 0.
1365 193 1402 254 G.
1417 187 1583 256 leibnitius

90 287 225 348 cornino
240 287 404 364 complura,
425 287 516 350 etiam
534 285 735 350 distinctiones
749 301 809 349 nse·
861 289 1043 368 praefatione
1064 287 1101 350 ad
1119 295 1236 349 tomum
1251 285 1418 348 meandum
1436 289 1581 348 accessio-

91 385 378 456 trorunscarmine,
399 380 479 459 quod
502 381 626 462 incipit:
649 382 746 460 serpo
762 380 810 462 pi·
863 399 937 443 nuru
959 383 1191 458 Historicarum,
1213 387 1245 442 et
1261 381 1291 440 in
1311 386 1379 441 nota
1396 379 1510 440 inserta
1526 377 1584 439 Ac·

89 491 163 554 per,
185 471 417 562 quarendormis
444 473 559 536 mortio
589 474 663 536 Vide
684 474 808 536 beleum
864 477 904 536 tis
924 473 1119 536 Erudltorum
1150 474 1207 536 An.
1240 475 1415 553 iuuttpag.
1437 473 1505 535 aas.
1528 488 1584 532 noc

91 568 155 630 llll.
176 566 226 628 70.
247 571 279 628 44
302 569 435 632 Pitsaum
457 583 488 647 p.
508 569 576 632 864.
599 584 664 649 seq.
866 586 924 629 nou
946 568 1127 646 polycarpus
1159 571 1308 647 beyserus
1329 569 1359 627 iu
1381 567 1453 628 diss.
1476 565 1514 628 de
1535 565 1587 625 tri·
1622 615 1625 628 .

127 660 233 724 444400
263 658 390 735 Suetius
421 661 487 722 eive
520 661 655 724 soentm
695 658 812 740 Anglus
869 662 927 724 bus
948 663 1054 740 primis
1075 662 1105 722 S.
1140 661 1317 740 theologiae
1344 659 1519 722 Ductoribus
1550 676 1589 719 ex

91 753 160 816 044.
180 753 284 816 Praed.
306 754 414 816 Secuto
435 755 499 816 XV.
519 753 608 832 cujus
640 754 749 816 librum
777 752 814 816 de
870 763 961 834 gente
982 753 1147 828 Saxonum,
1162 753 1380 816 444444444720
1394 755 1422 814 4.
1437 752 1589 814 Parisioru-

92 853 158 909 orte
173 845 375 926 praedicande
405 851 437 909 et
466 848 624 910 Sermones
642 852 814 910 memorent
869 865 931 912 444
958 856 1061 910 eutem
1088 848 1139 910 vei
1161 845 1281 909 044404
1302 849 1456 930 liugooem
1478 854 1590 907 vocant

91 943 199 1003 baleus
219 941 257 1002 Χ.
279 941 327 1002 89.
348 948 380 1001 44
401 943 520 1002 Pitseus
541 959 608 1021 pag.
631 943 700 1004 866.
870 944 943 1016 alii,
964 944 1105 1022 quoniam
1142 942 1314 1005 Canonicus
1344 942 1499 1020 Regularis
1528 942 1590 1002 Au-

128 1033 236 1098 44000
251 1037 334 1096 Prior
351 1033 388 1096 de
404 1037 504 1096 lionte
524 1031 642 1098 Thabor
659 1037 738 1096 circa
755 1034 817 1095 44-
871 1036 1061 1114 gratinianus
1087 1036 1144 1097 iuli
1164 1037 1195 1095 44
1227 1033 1376 1100 coenobio
1395 1035 1429 1096 8.
1459 1035 1589 1096 Victoris

66 1152 67 1161 ¹
93 1147 165 1190 num
188 1125 275 1190 4470.
297 1127 386 1206 cujus
406 1129 540 1207 Epistola
570 1127 607 1190 ad
629 1127 814 1192 Ludos-icum
869 1129 908 1190 ad
930 1145 1031 1190 muros
1059 1131 1262 1191 Parisienees:
1286 1129 1365 1189 idem
1396 1135 1519 1208 propter
1538 1127 1592 1188 do·

90 1223 259 1300 juniorem,
280 1223 391 1302 Regem
405 1289 408 1296 Δ
423 1225 626 1299 Francorum,
648 1223 678 1280 in
712 1215 814 1282 Gestis
868 1226 982 1285 ctrinae
1004 1223 1095 1284 iidem
1111 1229 1203 1302 atque
1224 1223 1394 1284 ubertatem
1411 1222 1590 1284 etdidaeca-

91 1317 143 1378 itei
166 1332 220 1394 par
239 1316 391 1392 Francos,
413 1333 442 1395 p.
465 1317 552 1379 4480.
868 1317 915 1378 4444
936 1317 1027 1378 libros
1051 1317 1148 1379 editoe
1176 1317 1276 1380 dictus
1298 1303 1481 1378 Dsites'colus
1503 1317 1530 1392 a)
1543 1316 1589 1378 'ab

130 1409 236 1470 flllGO
256 1405 292 1469 de
305 1409 337 1472 8.
359 1407 531 1484 Theodosio,
549 1425 661 1488 supra,
681 1407 816 1487 liuperto
868 1411 935 1472 aliis
951 1412 1042 1472 etiam
1060 1409 1163 1490 linpuu
1179 1410 1342 1490 Aupustini
1360 1411 1408 1470 vel
1426 1407 1505 1471 ulter
1526 1407 1590 1470 du-

93 1504 122 1564 8.
144 1501 236 1564 Coro.
273 1525 278 1538 ‘
607 1540 611 1550 ·
808 1565 810 1572 ,
866 1503 1016 1584 pusiinus.
1038 1507 1124 1566 Diem
1139 1504 1213 1565 obiit
1229 1507 1286 1567 444.
1310 1504 1389 1566 4440
1405 1504 1549 1566 4444442
1563 1503 1591 1578 bi

97 1607 101 1618 “
131 1596 238 1661 444400
259 1593 495 1659 Archidiacouus
523 1595 703 1658 Turonensis
737 1599 815 1658 circa
868 1613 964 1658 annos
984 1599 1035 1658 vix
1058 1605 1148 1660 natus
1169 1604 1300 1677 quatuor
1321 1605 1352 1658 et
1380 1596 1592 1676 quadraginta.
1654 1590 1655 1594 ’

95 1689 218 1752 Annum
240 1690 326 1762 4020.
350 1687 603 1770 44444ὓί44494
624 1689 661 1752 46
694 1691 816 1754 Fulber-
870 1692 985 1769 Scripta
1007 1692 1073 1753 eius
1094 1698 1163 1771 post
1183 1691 1339 1772 &paratas
1361 1689 1509 1772 quaedam
1531 1691 1594 1750 sin·

94 1793 160 1846 tum
199 1786 381 1864 Episcopum
413 1785 652 1861 Carnuteneem,
684 1787 815 1848 amicum
870 1785 1009 1864 gulorum
1030 1784 1198 1860 editiones,
1220 1787 1425 1846 recensitasa
1456 1783 1594 1844 Gesnero

8 1911 9 1930 4
96 1895 186 1940 suurn
208 1895 246 1940 ex
267 1877 386 1941 dilectis
397 1879 590 1958 singulariter
606 1877 761 1955 dilectum,
778 1878 817 1939 de
873 1881 902 1938 in
937 1879 1145 1954 Bibliotheca,
1173 1880 1300 1940 iunctim
1332 1877 1469 1956 prodiere
1500 1877 1592 1936 Paris.

96 1973 240 2034 miraculo
251 1972 331 2050 quod
343 1975 469 2052 contigit
481 1974 512 2033 44
530 1963 728 2034 translatione
743 1974 819 2034 biar-
873 1971 951 2034 4626
972 1976 1004 2032 44
1023 1978 1151 2049 curante
1172 1971 1287 2032 Tboma
1312 1969 1460 2032 Gereonio
1481 1966 1518 2028 de
1538 1969 1594 2028 84

96 2067 170 2140 tini,
190 2072 223 2128 et
242 2063 429 2128 dedicatione
445 2067 614 2128 ilonaeiorii
629 2067 667 2128 ab
684 2068 819 2128 Hervaeo
873 2063 1055 2144 gnacaballo,
1069 2064 1220 2126 canonico
1233 2063 1374 2142 Regulari
1390 2063 1594 2128 lateranensi,

97 2159 295 2220 Thesaurario
315 2159 452 2234 luridati,
470 2159 570 2223 editus
591 2167 640 2220 est
656 2177 673 2222 a
690 2159 820 2221 idabillo-
875 2157 980 2219 Venei.
997 2157 1076 2220 4588
1094 2166 1159 2219 tum
1177 2159 1387 2238 Mogontiaeet
1398 2157 1498 2219 Goion.
1515 2153 1593 2216 4647

98 2254 146 2312 444
169 2258 241 2312 tom.
262 2253 281 2315 2
311 2251 447 2316 bnaleot.
477 2269 543 2332 pag.
567 2253 635 2314 3i9.
658 2252 820 2330 (editionis
875 2268 911 2314 ao
927 2250 1058 2329 denique
1067 2269 1105 2312 ex
1118 2255 1292 2315 recensione
1310 2252 1529 2313 canonicorum
1540 2249 1596 2310 iia·

83 2341 195 2406 *novae
212 2361 278 2424 pag.
296 2345 453 2423 ita-itt.)
471 2346 610 2408 Eundem
624 2347 741 2408 iistum
759 2363 822 2408 me-
876 2344 1025 2424 gularium
1047 2345 1077 2407 S.
1101 2347 1229 2407 Victoris
1256 2345 1453 2420 Parisleneis,
1473 2349 1595 2405 servato
1636 2387 1639 2396 .

100 2447 199 2502 morat
211 2439 348 2502 labbeus
366 2441 395 2500 in
410 2439 593 2505 Bibliotheca
606 2441 687 2502 ldSS.
705 2458 734 2519 p.
752 2441 820 2504 200.
877 2440 1009 2516 priorum
1027 2437 1192 2500 editionum
1210 2439 1325 2514 ordine,
1346 2439 1500 2517 Rotomagi
1519 2435 1597 2500 4648

140 2532 246 2594 444400
265 2531 301 2594 de
324 2530 480 2608 Vercellis,
502 2533 600 2606 inira,
623 2532 800 2594 ilUGUTIO.
878 2530 926 2592 iol.
950 2531 1047 2608 tribus
1068 2532 1286 2594 Voluminibus.

140 2626 245 2690 444400
269 2625 425 2705 Verolepus
458 2628 524 2688 sive
547 2624 665 2706 Vinion,
686 2627 821 2706 Argius,
1040 2626 1128 2686 Primi
1150 2628 1223 2686 tomi
1246 2626 1320 2688 baec
1342 2633 1436 2689 sunt:

102 2720 265 2784 carmelita
285 2719 516 2782 Nordovioeneis
536 2721 614 2782 circa
642 2720 698 2781 An.
735 2721 822 2783 4344.
918 2717 961 2780 De
995 2719 1172 2796 scripturis,
1193 2717 1451 2799 et'scriptoribus
1483 2717 1599 2790 sacris,

103 2815 225 2892 scripsit
245 2819 323 2876 teste
343 2827 407 2892 cap.
430 2814 498 2875 864.
520 2813 652 2876 Lelando
671 2831 825 2874 commen·
880 2812 1134 2888 praenota-tiones,
1155 2829 1186 2890 p.
1208 2814 1234 2873 i.
1629 2803 1634 2818 '

104 2909 214 2980 iarios,
239 2911 270 2967 ei
291 2907 472 2970 collationes
493 2908 558 2966 eive
581 2905 726 2968 Hamillus
747 2907 823 2968 Vlll.
920 2904 1138 2965 Annomiicnes
1159 2904 1370 2966 elucidatoriae
1394 2907 1425 2965 iu
1441 2904 1598 2984 prologum

105 2997 824 3084 mbnutoeum‚lletermtnutiones,0uoeetiones,
878 2986 1051 3074 Hieronymi
1086 3015 1153 3077 pag.
1176 3000 1224 3060 iil:
1245 3005 1276 3060 44
1299 3001 1327 3058 44
1361 2999 1600 3060 Pentateucbum

105 3103 134 3156 44
155 3093 267 3156 librum
294 3090 333 3154 de
357 3091 467 3173 fipuris
488 3091 686 3154 4444444444
715 3092 824 3154 Sacrae
878 3105 944 3171 pag.
967 3092 1015 3152 42.
1033 3090 1157 3152 iudices
1177 3107 1244 3170 pag.
1269 3092 1304 3154 47
1326 3091 1417 3154 libros
1432 3093 1547 3168 Regum
1570 3109 1600 3170 p.

105 3189 296 3267 scripturae,
319 3189 347 3246 in
365 3204 425 3264 quo
443 3186 604 3248 litteralem
621 3203 748 3248 sensum
765 3187 825 3262 pri·
879 3185 917 3246 42
938 3191 969 3244 44
987 3187 1016 3244 44
1040 3185 1195 3260 Psalmos,
1217 3188 1334 3246 sivein
1357 3187 1445 3265 plura
1465 3185 1600 3249 Psalmo·

106 3285 341 3360 mariammes,
364 3283 393 3339 44
415 3282 480 3360 ipso
501 3282 604 3340 statim
633 3280 735 3340 limine
755 3291 825 3338 coo·
879 3295 946 3338 rum
969 3277 1031 3338 loce
1054 3294 1118 3356 pag.
1143 3276 1191 3353 tio,
1398 3321 1399 3326 1

106 3377 216 3436 iitetm.
239 3376 291 3436 llis
312 3374 421 3436 baleus
440 3374 474 3432 V.
496 3373 545 3435 52.
560 3375 600 3432 'et
621 3373 741 3436 Pitseus
757 3387 822 3450 pag.
919 3369 1190 3460 lnoiicclesiastern
1216 3371 1494 3455 homiliaexixp
1516 3369 1565 3432 70.

107 3463 602 3532 mommorenciacensem
619 3463 826 3542 Poulunnbe-
877 3497 883 3514 »
918 3461 1139 3525 denotationes
1159 3465 1372 3527 elucidatoriae
1393 3467 1424 3526 in
1445 3464 1600 3542 Thronos,

105 3565 212 3624 464444
232 3551 486 3640 scabiosorum}
503 3557 621 3621 Plocito
644 3556 823 3636 Tiseolopico,
879 3556 1048 3620 secundum
1072 3557 1271 3637 multiplicem
1286 3575 1423 3634 sensum,
1442 3573 1509 3638 pag.
1532 3558 1602 3623 446.

106 3655 296 3733 0444444444
329 3651 531 3728 Ordinorios,
558 3651 826 3714 Deternsinutiones
878 3652 909 3710 in
925 3650 1059 3726 totilam,
1077 3667 1144 3731 pag.
1164 3650 1221 3713 479
1239 3661 1271 3714 44
1288 3655 1317 3714 44
1336 3651 1463 3715 Abdiam
1480 3651 1601 3713 moralis

106 3747 200 3816 XCVI.
222 3755 255 3810 44
274 3763 425 3809 sermones
440 3763 495 3828 por
515 3735 637 3808 44444.
879 3745 1026 3824 expositio
1047 3761 1114 3824 pag.
1140 3745 1199 3808 204
1218 3749 1247 3808 44
1276 3765 1336 3827 qua
1360 3763 1426 3826 pag.
1455 3746 1514 3805 248
1539 3761 1603 3821 seq.

142 3841 248 3906 succ
263 3839 299 3902 de
311 3843 346 3904 S.
364 3839 491 3914 Victore,
509 3841 619 3902 illustri
636 3839 717 3918 apud
734 3841 827 3900 Saxo·
880 3841 970 3900 etiam
988 3837 1024 3899 de
1041 3838 1172 3918 qumque
1186 3840 1315 3920 septenis
1329 3840 1361 3901 in
1374 3842 1405 3902 8.
1419 3837 1602 3916 Scriptura:

107 3951 159 3998 nes
178 3941 270 4014 gente
290 3941 394 4009 ortus,
423 3940 583 3998 utcontra
606 3934 742 3994 virorum
775 3929 827 3992 do
880 3937 996 4009 septem
1020 3932 1121 4005 vitiis,
1136 3941 1253 4011 septem
1279 3933 1473 4013 petitionibus
1497 3933 1605 3990 oratio·
1725 3922 1729 3934 '

107 4023 220 4111 omrem
251 4029 454 4112 44444444444,
476 4028 528 4104 qui
552 4023 773 4086 minurientem
798 4025 825 4098 a)
881 4025 928 4083 nis
942 4024 1134 4099 bombicea,
1161 4033 1279 4103 septem
1307 4026 1399 4086 Donls
1426 4025 1556 4101 Spiritus
1572 4021 1604 4082 S.

29 4187 33 4194 ,
108 4123 153 4184 rei
172 4123 327 4202 tprauem
349 4118 512 4181 Flandrum
534 4120 664 4192 iaciunt,
697 4133 756 4180 non
783 4117 828 4178 iu·
880 4113 1602 4198 septemvirtutibusetseptemvbeatitudinibus.

106 4215 238 4280 briandia
259 4213 441 4276 testimoniis
472 4212 721 4274 demonstrarunt
749 4211 828 4272 4444-
921 4208 1124 4270 Posteriorurn
1134 4205 1604 4290 exemptionumlibrisivebn-

108 4311 184 4372 ricus
203 4310 380 4372 lioibomius
398 4310 427 4368 in
445 4305 657 4368 dissertatione
674 4304 712 4365 de
728 4305 828 4382 liugo-
882 4303 1270 4368 notationeselucidatoriao
1282 4304 1493 4384 allegoriarum
1509 4303 1541 4362 in
1559 4307 1603 4363 to

110 4407 154 4464 nis
172 4403 316 4466 Victorini
336 4403 431 4482 patria
448 4406 521 4462 tom.
535 4401 555 4472 3
571 4400 752 4478 scriptorum
769 4414 826 4458 rer.

599 4691 602 4699 .
923 4637 948 4698 u)
967 4637 1081 4687 labbeus
1098 4641 1160 4685 tom.
1176 4630 1198 4681 i.
1215 4629 1247 4680 de
1266 4631 1290 4679 8.
1305 4629 1335 4678 it.
1352 4637 1410 4689 pag.
1429 4623 1485 4674 480.

149 4724 173 4781 ι)
190 4719 257 4781 Quid
273 4723 295 4768 si
307 4717 477 4769 lothariensis
487 4721 571 4770 dietus
585 4717 662 4768 tuerit
674 4725 688 4764 a
702 4715 834 4776 bagisiu-
921 4712 949 4772 b)
967 4715 1027 4776 Pagi
1044 4712 1075 4762 ad
1092 4715 1137 4759 lin.
1158 4705 1229 4758 4440.
1245 4715 1316 4757 num.
1335 4703 1375 4750 ix.
1403 4699 1531 4752 stabilion.
1548 4703 1566 4749 t.
1583 4696 1605 4746 i.

110 4801 158 4844 iera
176 4799 202 4848 iu
219 4796 318 4848 ditione
336 4795 533 4846 brunsvicensis
720 4826 723 4832 .
880 4789 993 4839 4444444.
1010 4785 1103 4851 uaso.
1159 4797 1162 4804 ·
