3608 5604
241 60 301 124 tut
805 63 1166 128 andralistus

239 177 270 228 et
303 171 331 229 in
364 170 554 231 sermonibus
575 170 719 232 Bernardi
743 171 780 232 da
802 174 904 232 Bustis
926 173 951 249 a)
1008 173 1061 232 bro
1088 172 1126 234 44
1152 169 1243 234 Coma
1260 183 1325 252 pag.
1345 174 1408 236 467.
1432 177 1596 259 Quanquam
1622 203 1679 247 varo

241 263 427 342 appellatur,
452 281 521 330 cum
551 264 737 324 Nicomediae
756 264 980 352 ⁸lihetoricam.
1011 264 1152 347 Crispum
1170 266 1358 328 Constantini
1374 271 1465 349 lingui
1487 271 1681 341 lilrumtutinu

242 357 411 432 docuisset,
432 358 553 418 Arnobii
580 359 711 438 Magistri
736 361 783 420 sui
817 359 954 436 exemplo
1011 357 1121 420 litteris
1144 358 1278 422 erudivit
1297 365 1375 422 44444
1390 364 1558 443 Hieronymo
1572 371 1598 428 44
1607 371 1682 432 444

241 451 369 512 desertis
401 452 487 512 idolis
522 469 631 514 nomen
664 452 747 514 dedit
772 451 954 527 CHRISTO,
1012 455 1077 514 nico
1099 452 1238 516 444.(1.
1266 455 1399 518 atu-uir
1418 459 1539 520 onmium
1559 469 1683 526 morer

241 547 331 604 etiam
347 545 397 606 4444
407 553 543 624 tempore
556 563 616 623 quo
631 547 776 626 templum
796 547 956 608 444344444-
1005 562 1081 625 pore
1111 544 1353 608 emoditr'ssimus:
1373 548 1445 611 adeo
1471 558 1565 614 tamen
1592 556 1619 614 in
1639 555 1683 618 lae

241 655 329 710 sum,
351 644 383 698 44
398 640 547 700 illusimus
566 639 764 719 Philosophus
781 646 872 718 atque
889 640 956 700 ilie·
1010 637 1073 698 ur'to
1089 655 1229 720 pauper,
1247 639 1462 724 utplerumqoe
1477 646 1560 706 elram
1571 665 1684 711 4444444-

242 731 339 792 444444
361 731 551 792 Christianos
572 735 693 810 scriptis
725 733 956 812 oppugnabant,
1009 729 1067 791 riis
1098 730 1415 814 444444444484444444
1441 745 1504 816 post
1529 739 1562 800 A.
1587 741 1683 802 causi

241 826 274 883 V.
296 825 324 884 4.
347 831 379 886 44
399 843 460 902 quo
480 823 695 906 spectabantur
714 825 813 886 odhua
830 843 888 905 per
904 841 956 884 or·
1010 824 1077 883 300.
1095 843 1185 903 quem
1203 827 1264 887 Vll.
1283 828 1329 888 25.
1347 831 1428 891 4444
1446 837 1545 892 natum
1565 836 1684 912 supponit

241 914 306 978 bem
315 935 429 996 poenae
439 916 590 978 cultorum
604 920 698 992 44141,
710 921 762 980 ill.
779 919 826 982 47.
838 928 870 980 44
885 918 958 980 DEI
1010 921 1088 980 cirea
1105 937 1219 980 annum
1237 921 1336 983 Mundi
1354 924 1438 984 5554.
1454 941 1520 986 444
1537 926 1629 988 multis
1643 944 1685 988 re

183 1019 188 1032 '
236 1011 367 1091 populus
398 1029 440 1072 aa
470 1010 607 1073 omuibus
628 1011 738 1093 linques
759 1017 956 1092 congregatus
1010 1012 1228 1090 teribusaliis,
1247 1031 1323 1093 quos
1341 1018 1438 1078 notavi
1454 1017 1482 1076 in
1499 1018 1685 1098 bibliograpbia

135 1132 139 1139 ·
240 1104 321 1184 apud
341 1123 440 1168 omnes
458 1111 560 1184 pentes
580 1105 823 1170 commorabatur
856 1113 885 1168 et
915 1103 954 1166 ab
1009 1107 1176 1186 antiquaria
1207 1109 1558 1189 cap.'1.pag.l9l.saq.
1580 1113 1684 1174 Camlus

240 1196 287 1258 444
315 1197 536 1260 dominantibus
552 1199 750 1281 premebatur
767 1203 829 1262 Vll.
853 1203 900 1263 iil.
923 1207 955 1260 44
1010 1199 1158 1260 Ferratus
1178 1201 1203 1277 o)
1225 1203 1254 1262 iu
1277 1201 1414 1264 Carmina
1434 1202 1471 1268 de
1491 1205 1549 1265 vila
1568 1222 1617 1268 sua
1634 1205 1684 1266 lan

240 1292 291 1353 24.
314 1291 421 1353 Omnes
452 1292 508 1372 qui
535 1295 629 1354 Deam
660 1295 748 1374 sequi
775 1293 880 1356 uolunt
898 1312 955 1354 uno
1009 1291 1061 1354 dat
1079 1293 1264 1356 Tasobonem
1287 1303 1523 1376 praeceptorem,
1548 1300 1593 1376 qui
1608 1316 1684 1377 puero

241 1389 356 1447 tontum
376 1386 441 1446 odio
463 1384 630 1460 labentur,
651 1387 706 1450 sed
719 1394 874 1450 vocantur
895 1405 955 1448 om·
1009 1385 1067 1446 sibi
1084 1387 1271 1448 Lactamium
1290 1395 1321 1450 44
1335 1389 1518 1452 Ambrosium
1535 1391 1593 1452 loco
1616 1391 1685 1452 Cios

240 1479 329 1542 nibus
350 1479 557 1556 coutumeliis,
579 1487 608 1542 44
620 1481 839 1543 excruciantur
855 1480 955 1543 multi·
1010 1480 1091 1540 ranis
1112 1479 1270 1558 legendum
1293 1483 1452 1544 tradiderit.

240 1575 316 1655 plici
326 1593 435 1654 qaaere
452 1593 638 1655 poenarum,
661 1581 690 1637 et
707 1575 749 1636 od
769 1576 872 1655 impios
892 1575 954 1637 cul·
1018 1588 1079 1636 444
1095 1585 1332 1648 petertmtrostoe
1349 1587 1685 1652 444441144444444444

242 1674 290 1729 tus
309 1667 529 1749 fabricatorum
550 1672 682 1730 Deorum
698 1671 956 1731 nonrotiooeuut
1018 1663 1162 1724 scripserat
1178 1663 1258 1712 ⁰ffl⁰¹¹
1272 1667 1348 1728 pora,
1369 1663 1470 1726 legenda
1483 1664 1555 1714 ⁶⁸³⁰·
1644 1695 1648 1704 ’

241 1763 385 1837 ueritote,
400 1762 461 1824 'sed
476 1762 607 1843 nefanda
623 1779 781 1844 corporum
796 1761 954 1824 laceratio·
1017 1738 1080 1872 ἓξὲξ
1093 1736 1281 1874 mmm
1293 1737 1542 1876 &officulam
1553 1751 1611 1798 ⁰¹⁸¹

240 1873 277 1918 πθ
297 1863 453 1936 ⁶⁰9¹mwr·
475 1857 672 1936 El⁰q¹¹⁰¹¹t53⁰
693 1875 751 1936 ‘1¹¹3
769 1873 839 1936 Prae
855 1863 954 1918 ⁰³⁶2&
1018 1888 1048 1934 111
1063 1886 1137 1936 44444
1152 1887 1264 1949 eloquii,
1281 1888 1355 1938 41444
1372 1895 1396 1939 44
1408 1890 1505 1950 piatatis
1519 1887 1624 1937 4444444

240 1951 281 2011 ris
304 1950 398 2012 valuit
430 1953 567 2012 meritam
590 1949 709 2012 laudem
731 1967 770 2012 ex
791 1950 954 2012 asserenda
1018 1964 1072 2011 1444
1088 1973 1187 2024 possem
1202 1961 1296 2024 duplici
1317 1961 1384 2012 toute
1402 1963 1482 2014 444444
1497 1965 1570 2013 444144.

240 2045 393 2124 Religiona
427 2045 597 2107 Christiana
630 2045 718 2119 tulit,
750 2050 851 2106 exstat
872 2046 953 2104 euim
1050 2049 1679 2130 cannatudaeoropusvelnonabsolotom
1779 2073 1780 2118 3

238 2137 305 2228 ejus
325 2157 401 2218 opus
423 2141 639 2219 praecipuum,
658 2138 879 2200 institutionum
903 2137 955 2198 Di·
1009 2142 1222 2216 aLactantio,
1243 2144 1291 2204 444
1314 2143 1481 2216 intercidit,
1502 2142 1583 2220 cujus
1611 2157 1682 2220 spem
1779 2127 1780 2140 ³

239 2233 379 2294 vinorum
409 2233 558 2295 aduersus
587 2233 693 2294 Garates
719 2231 762 2292 od
788 2230 956 2295 Constanti·
1009 2234 1079 2296 lacit
1100 2235 1152 2296 lib.
1171 2237 1231 2298 Vll.
1253 2254 1318 2316 cap.
1340 2239 1365 2298 l.
1387 2234 1514 2298 sederit
1530 2233 1606 2296 444444
1629 2250 1684 2294 444

238 2342 310 2386 aum
325 2325 354 2404 b)
376 2327 485 2404 (quem
505 2329 534 2387 iu
553 2327 638 2388 editt.
656 2323 839 2404 quibusdam
858 2325 908 2385 lib.
926 2327 954 2387 4.
980 2327 983 2334 ’
1009 2332 1059 2387 444
1078 2328 1208 2390 ludaeos
1228 2335 1370 2412 separato
1383 2328 1508 2390 44414444
1515 2375 1524 2406 ,
1545 2329 1574 2389 io
1590 2324 1685 2408 queit

238 2435 265 2479 4.
288 2421 316 2480 4.
336 2426 367 2480 44
388 2422 471 2481 initio
488 2420 539 2482 lib.
561 2421 609 2481 lV.
633 2421 668 2480 V.
689 2426 720 2480 44
737 2421 785 2480 Vl.
802 2419 831 2480 3.
846 2425 877 2480 44
891 2435 955 2480 ora·
1013 2419 1056 2482 444
1076 2423 1192 2484 erroris
1213 2432 1243 2486 et
1260 2423 1381 2484 sceleris
1401 2424 1601 2486 4444444444.

239 2515 319 2574 tione
339 2515 400 2574 Vll.
424 2514 462 2576 26
494 2515 677 2592 alloquiturl
700 2511 775 2574 libri
792 2513 857 2575 Vll.
879 2530 954 2592 quo
1042 2516 1082 2575 'ln
1103 2515 1236 2596 Epitome
1256 2517 1387 2579 breviter
1409 2518 1606 2597 persequitur,
1621 2527 1685 2590 quae

238 2625 306 2670 rum
325 2607 425 2687 premo
445 2607 482 2670 de
504 2608 578 2670 laisa
593 2609 735 2688 religione
751 2615 855 2670 contra
877 2607 953 2670 44444-
1011 2607 1041 2666 44
1065 2610 1285 2671 institutionum
1314 2609 1396 2671 libris
1422 2609 1557 2672 disertius
1575 2605 1686 2684 explica-

239 2702 375 2763 nicorum
399 2701 633 2780 vana-dogmata
644 2749 653 2780 ,
671 2703 734 2763 DEI
753 2704 900 2763 unitatem
916 2717 952 2762 ac
1006 2709 1102 2762 44444.

238 2795 458 2856 Providentiam
480 2796 604 2874 probat:
629 2794 758 2856 secundo
779 2794 818 2856 44
839 2797 953 2875 origiue
1048 2794 1135 2855 biber
1156 2793 1192 2856 da
1212 2795 1324 2876 opificio
1344 2793 1485 2868 4444444,
1505 2809 1588 2872 quam
1616 2790 1685 2850 lucu·

238 2891 370 2965 erroris,
391 2895 544 2969 oppugnat
564 2889 779 2950 idololatriam:
799 2888 885 2948 tertio
916 2887 954 2950 da
1008 2889 1125 2950 lentum
1147 2889 1287 2951 bonitatis
1296 2935 1306 2966 ,
1328 2891 1487 2970 sapientiae
1506 2893 1535 2948 44
1554 2883 1685 2964 potentias

239 2983 311 3044 ialsa
344 2983 510 3060 sapientia,
547 2981 767 3062 Philosophiam
802 2981 955 3059 redarguit
1009 2984 1134 3044 Divinae
1155 2983 1368 3046 documentum
1389 2982 1570 3044 sithominis
1594 2989 1686 3054 eorpus

238 3076 394 3153 gentium,
410 3081 520 3155 quarto
534 3075 571 3136 de
589 3092 660 3138 4444
682 3077 850 3156 sapientia,
870 3075 956 3136 Chri·
1012 3078 1122 3154 pariter
1142 3083 1173 3136 et
1193 3079 1310 3150 anima,
1331 3076 1462 3137 44444444
1480 3072 1667 3154 pulcherrima.

238 3171 366 3230 stianom
382 3167 547 3230 doctrinam
561 3169 667 3250 probat
678 3172 853 3250 etexponit.
864 3169 955 3246 Qum
1049 3168 1137 3232 labro
1158 3167 1193 3230 de
1210 3169 1365 3238 44444141,
1383 3175 1485 3230 contra
1503 3168 1650 3246 Epicureus
1663 3164 1688 3218 el

240 3267 289 3323 tus
308 3261 346 3322 44
373 3263 494 3324 iustitia
527 3262 695 3324 secundum
729 3263 794 3324 DEl
828 3265 954 3340 Legem,
1010 3263 1125 3324 Stoicos
1142 3260 1169 3338 dl
1188 3262 1292 3340 probat
1312 3270 1450 3324 44444444
1467 3256 1688 3334 DEOiodiguum

238 3363 330 3434 atque
360 3357 399 3417 de
427 3357 616 3418 ethnicorum
651 3355 808 3434 injustitia.
840 3357 955 3418 Seoetus
1009 3371 1097 3430 esse,
1120 3372 1218 3434 neque
1249 3364 1282 3416 44
1313 3358 1456 3417 irascatur
1476 3353 1587 3432 impiis,
1605 3359 1688 3421 neque

237 3455 285 3508 est
305 3447 343 3510 de
364 3467 436 3511 vero
453 3452 518 3512 DEl
535 3451 622 3512 cultu
638 3496 645 3527 ,
664 3451 807 3528 verisque
835 3451 955 3511 virtuti·
1012 3456 1045 3510 44
1065 3449 1129 3526 pios
1150 3455 1348 3528 prosequatur
1367 3450 1479 3528 gratia,
1499 3443 1583 3522 idque
1608 3437 1689 3498 veris
1780 3441 1781 3466 ¹

236 3541 509 3622 buszetseptimus
525 3544 595 3622 quid
614 3560 667 3605 aas
686 3542 954 3606 mercedisallliO
1011 3543 1123 3604 simum
1154 3557 1223 3604 esse
1252 3549 1414 3621 utrumque
1443 3539 1608 3606 coufirmat,
1631 3531 1689 3590 licet
1780 3535 1781 3582 i

241 3643 383 3713 444444,
404 3638 470 3697 4444
490 3636 528 3698 44
551 3638 650 3698 444444
667 3638 728 3698 vita
743 3636 828 3698 beata
844 3642 877 3698 et
891 3638 955 3696 ani·
1012 3636 1099 3696 bonis
1131 3632 1209 3694 mala
1240 3635 1390 3697 interdum
1411 3627 1581 3712 contingere
1595 3627 1621 3686 iu
1642 3623 1688 3684 hac

241 3745 359 3789 morum
377 3729 622 3804 immortalitate,
644 3729 694 3789 lib.
724 3728 785 3793 Vll.
812 3746 876 3809 cap.
904 3729 953 3791 27.
1011 3732 1074 3790 vita
1094 3727 1264 3790 videantur.

239 3821 386 3898 04444444
406 3819 541 3882 decursis
554 3820 703 3902 propositi
721 3822 820 3900 operis
841 3829 952 3904 septem
1047 3818 1221 3883 Friderioos
1253 3821 1397 3898 Nausea,
1433 3813 1685 3892 ulanaieampiouos

237 3915 344 3994 spatiis
358 3914 399 3976 ud
411 3921 518 3978 mamm
530 3915 666 3996 prouecti
680 3933 786 3978 samus
804 3924 862 3976 444.
884 3919 953 3978 Pius
1011 3919 1146 3978 Francus
1166 3915 1346 3992 Orientalis,
1367 3915 1481 3995 singula
1497 3912 1628 3973 librorum
1642 3905 1687 3964 la

239 4017 343 4072 auctor
366 4012 559 4086 Lactantius,
578 4018 669 4090 atque
686 4013 777 4072 etiam
795 4013 953 4073 austerita-
1010 4011 1115 4071 4444444
1137 4012 1234 4088 capita
1255 4009 1381 4088 singulis
1400 4005 1568 4084 complexus
1587 4005 1629 4060 est
1652 3993 1688 4052 44·

239 4105 279 4164 444
294 4106 323 4164 in
342 4105 586 4167 vitaChristiana
599 4106 772 4179 4114444444,
790 4110 823 4164 44
841 4106 953 4182 scripta
1007 4103 1139 4168 stichis.
1161 4102 1258 4163 libello
1278 4104 1329 4180 qui
1347 4099 1453 4180 prodiit
1469 4096 1593 4158 Venetiis
1607 4094 1633 4150 in
1648 4103 1688 4148 ae·

238 4195 305 4275 elus
323 4198 433 4276 ubique
451 4204 604 4260 testantur
615 4196 717 4275 judice
735 4198 901 4272 salmasio,
919 4197 953 4257 li·
1005 4196 1093 4258 dibus
1123 4195 1239 4276 Georgii
1272 4196 1309 4256 44
1340 4192 1540 4266 flasconibus,
1568 4181 1687 4248 14444414-

282 4410 308 4471 4)
329 4411 469 4466 bernardus
485 4415 584 4462 4444444
600 4409 641 4473 (44
660 4411 683 4460 14
699 4409 833 4471 monnone)
849 4415 911 4459 tom.
928 4408 953 4457 4-
1046 4409 1074 4471 14)
1090 4411 1142 4458 lion
1159 4408 1366 4467 4444441444144,
1383 4409 1563 4470 imperatorem.
1584 4471 1589 4484 .

237 4486 371 4549 14444144.
383 4501 440 4550 paq.
457 4487 595 4537 84144144
612 4488 638 4536 44
655 4485 753 4535 dnobus
770 4487 954 4547 antiquissimis
1047 4482 1072 4548 4)
1089 4483 1282 4534 cominantium
1298 4483 1345 4531 des
1361 4479 1503 4533 4144441444
1519 4476 1549 4525 da
1569 4473 1689 4521 1444441444

237 4559 370 4611 codicibus
384 4562 448 4614 14144.
465 4565 650 4626 4444444414.
669 4561 827 4610 4444444444
845 4559 955 4609 Lamum
1004 4567 1029 4610 er
1044 4561 1072 4610 d.
1087 4559 1160 4609 14141.
1177 4563 1239 4606 rom.
1256 4557 1281 4608 2.
1297 4563 1374 4620 porse
1389 4557 1414 4605 4.
1428 4567 1490 4618 pop.
1507 4551 1557 4600 445.

242 4634 387 4684 constitum
400 4641 426 4686 14
438 4651 507 4698 444,
524 4641 552 4688 14
567 4638 647 4688 altero
660 4637 769 4687 4444444
781 4634 902 4686 coelium
914 4647 956 4695 ap·
1048 4634 1076 4698 4)
1098 4635 1160 4684 cum
1187 4635 1275 4688 4441414
1298 4631 1378 4683 lacere
1394 4631 1490 4681 4444444
1512 4621 1627 4676 troubles
1648 4617 1691 4666 114

238 4707 467 4833 pelprlixtpputnr
486 4715 601 4764 44144444
625 4723 684 4776 paq.
700 4711 758 4766 944.
779 4709 811 4762 44
836 4711 954 4774 cypriani
1002 4723 1027 4772 p.
1044 4709 1100 4759 444.

261 4790 318 4845 pst.
395 4789 414 4836 1.
