3562 5582
702 118 1015 183 clusinus
1578 118 1614 178 61

123 229 333 292 distinctiones
347 229 412 290 site
430 227 541 305 Dialcgi
557 227 606 288 vll
623 271 630 303 ,
645 226 682 288 acl
708 227 842 289 eundem
897 229 1052 303 chelium,
1084 235 1116 288 et
1143 227 1181 288 rie
1203 243 1330 290 munere
1351 225 1494 288 Pasicrali
1524 232 1615 307 atque

124 321 323 404 Stephanum,
337 319 641 400 hrchiepisccpumet
652 321 842 384 cardinalem
896 323 1074 404 Episcopali.
1093 323 1139 384 Ab
1156 322 1248 383 hocce
1261 321 1415 383 Ecclesiae
1433 321 1557 400 speculo
1571 321 1617 382 di-

123 417 192 478 ibid.
210 433 276 496 pag.
298 415 357 476 514
379 431 418 475 ex
441 415 538 493 prima
559 411 700 475 Auctoris
722 421 753 474 et
771 415 843 477 ube-
898 435 1022 480 versum
1034 415 1343 497 Speculamdnmarm
1357 402 1613 474 immanitatum

122 511 245 585 rioreb)
260 510 402 588 editione.
798 519 805 530 ·
895 529 932 572 nc
953 485 1183 572 consolatoriam
1200 508 1279 589 quod
1304 511 1368 588 ipse
1397 514 1544 570 memorat
1565 507 1615 567 Gi-

160 603 278 666 Vitas.
296 600 437 679 Doridis,
455 600 843 683 Areiiapnropilleneeen-
895 605 999 668 raldus
1014 605 1091 685 apud
1114 604 1272 665 wanhun
1297 609 1369 663 torn.
1395 603 1424 664 2.
1446 619 1511 682 pag.
1532 603 1584 664 441
1606 647 1611 671 ,

121 700 163 760 sis
185 715 254 778 pag.
273 697 345 758 css
367 713 405 758 ex
427 694 673 760 ElCEllhllCllO
696 697 842 776 Episcopo
896 700 1025 762 alterum
1043 715 1110 777 pag.
1129 697 1209 774 tlt,
1230 697 1297 760 its.

121 793 296 853 lienavcnsi
312 837 321 866 ,
336 793 388 868 qui
406 789 634 851 circadarum.
651 791 729 852 1085
746 791 839 849 vitam
855 829 860 836 -
939 793 1004 854 Vita
1020 790 1188 855 Etbeiberti
1201 793 1258 853 An.
1275 791 1334 853 79³
1351 792 1460 866 eccisi,
1477 793 1614 853 Orienta-

120 885 261 963 eJusdem
278 881 402 945 Davidis
418 885 658 962 consignaverat.
896 888 970 948 lium
985 887 1140 948 &nonum
1156 886 1247 963 Regis
1262 891 1364 946 exstat
1382 885 1411 944 in
1434 881 1519 944 ictis
1541 885 1615 946 San·

164 979 230 1040 vira
239 969 841 1058 ancnit'Nonar'tiEpiscopiCoventrem
895 989 1011 1044 ciorum
1031 987 1102 1041 torn.
1119 981 1152 1040 V.
1180 977 1247 1058 hiaji
1266 977 1306 1039 20
1329 995 1357 1056 p.
1382 977 1441 1039 tic
1466 979 1492 1053 a)
1517 978 1614 1056 Hujus

121 1078 164 1134 sis
184 1081 216 1132 et
244 1071 482 1146 tichleldensis,
498 1089 549 1132 >ex
575 1071 689 1133 Giraldi
717 1069 841 1152 spemin
895 1075 1062 1136 Ethclherti
1081 1077 1146 1135 sive
1170 1073 1349 1136 AEthelberti
1378 1073 1538 1132 memoriae
1568 1089 1615 1132 sa-

120 1165 275 1228 Echesiae
286 1166 419 1227 distinct.
436 1167 464 1226 E.
482 1182 546 1246 cap.
564 1167 603 1226 23
617 1167 666 1228 st.
686 1166 755 1226 ibid.
774 1183 840 1244 pag.
894 1186 944 1230 cra
966 1176 1031 1230 crat
1049 1170 1184 1231 Ecclesia
1200 1165 1551 1230 Cathedralisllereiord.
1563 1181 1615 1226 cu·

120 1260 264 1322 cst-ast.
274 1260 437 1340 Speculum
452 1255 606 1322 Ecclesiae
617 1259 653 1321 de
666 1258 841 1322 necesitate
891 1263 944 1342 jus
960 1263 1133 1325 canonieus
1150 1268 1216 1323 crat
1232 1258 1382 1332 Giraldus.

122 1351 287 1416 &ditibus
299 1349 773 1434 etEcciesiasticisiieirqranibns
788 1369 861 1420 va·,
917 1357 1059 1417 'Gemma
1076 1353 1300 1431 Ecclesiastico,
1323 1353 1413 1432 cujus
1440 1357 1521 1432 prior
1546 1371 1615 1432 pars

122 1452 182 1524 riis,
197 1451 420 1510 Distinctiones
431 1451 496 1508 sive
512 1449 577 1509 libri
594 1451 641 1510 lll.
658 1449 732 1512 llSti
746 1451 774 1510 in
792 1449 841 1509 Ei·
892 1449 928 1510 rie
949 1448 1154 1512 sacramentis
1175 1465 1272 1528 maqrs
1288 1446 1497 1523 necessariis,
1515 1455 1616 1527 poste·

121 1543 221 1604 bliotb.
236 1543 423 1605 cottoniana.
439 1543 499 1602 ilco
514 1559 590 1622 opus
608 1544 773 1621 respiciens
787 1543 837 1602 Gi·
894 1547 952 1604 rior
977 1543 1013 1605 rie
1041 1541 1186 1606 Clericati
1201 1541 1350 1603 honestate
1369 1543 1399 1602 ct
1417 1540 1615 1604 Continentia.

122 1637 223 1698 midas
240 1639 270 1696 in
291 1637 426 1716 Epistola
443 1637 480 1698 ad
496 1637 684 1716 Stephanum
699 1637 838 1716 Archiep.
892 1640 952 1702 llil.
971 1640 999 1698 in
1014 1639 1087 1700 Bibl.
1101 1636 1353 1716 hrcbiepisccpali
1373 1637 1516 1697 Cantuar.
1529 1639 1616 1697 Lam-

120 1733 263 1792 Cantuar.
285 1747 349 1810 pag·
375 1729 432 1790 437
453 1731 546 1790 reiert
567 1729 647 1810 qnod
675 1729 839 1792 limenebus
893 1731 1034 1794 bethana.
1052 1731 1136 1810 Opus
1154 1732 1303 1810 prolixum
1321 1777 1330 1806 ,
1350 1735 1441 1808 atque
1462 1731 1614 1810 integrum

119 1823 346 1903 drchiepisccpi
357 1819 568 1913 cubicularias
583 1821 704 1902 pariter
718 1828 748 1884 et
761 1841 839 1884 com·
892 1827 979 1904 quasi
996 1825 1173 1904 Theclogiae
1190 1833 1222 1886 et
1234 1824 1408 1902 disciplinae
1422 1823 1615 1884 Ecclesiasti-

121 1915 279 1991 mensrriis,
306 1915 460 1981 exteriore
485 1915 640 1996 nigredine
666 1914 789 1997 facetus
809 1922 839 1978 et
891 1935 945 1980 cae
966 1919 1091 1996 Corpus*
1105 1918 1306 1996 complexum.
1330 1919 1442 1976 Lacum
1460 1933 1498 1975 ex
1525 1931 1560 1975 ce
1577 1913 1615 1974 de
1723 1951 1727 1962 ·

122 2010 238 2071 ninam
262 2027 322 2070 nan
348 2008 490 2070 interiore
513 2009 751 2085 contaminatus,
779 2027 838 2090 non
893 2015 1063 2091 ignorantia
1077 2012 1157 2073 Cleri
1175 2009 1293 2071 illerum
1311 2015 1481 2087 temporum
1501 2009 1614 2086 proiert
1677 2083 1684 2100 α

8 2121 9 2128 “
120 2119 186 2164 cnm
213 2100 292 2162 libro
306 2107 415 2163 necho
431 2101 515 2164 cabis
537 2109 730 2184 praesentato
746 2151 754 2179 ,
772 2109 837 2166 tan·
895 2106 1084 2176 Wartbcnus
1101 2107 1233 2170 auctario
1250 2105 1286 2166 ad
1306 2105 1461 2166 Ussertum
1482 2093 1616 2164 deseri-

122 2213 212 2276 qnam
228 2195 341 2277 scrr'pte
357 2193 481 2274 (amosa
493 2194 748 2275 rirqnosincenriio,
761 2197 838 2259 mni
895 2201 992 2279 pturis
1011 2201 1173 2279 sacrisque
1192 2198 1362 2260 remaculis
1377 2214 1443 2278 pag.
1463 2196 1531 2272 375,
1549 2213 1614 2276 seq.

8 2299 9 2362 ζ
123 2287 363 2351 transilientibus
389 2288 601 2351 asseveravit:
619 2307 747 2350 necnon
764 2289 839 2352 etii·
939 2294 1022 2354 idem
1046 2295 1232 2355 Warthonus
1253 2295 1385 2368 testatur
1405 2290 1465 2352 ns.
1484 2307 1517 2352 se
1532 2293 1617 2352 evol-

8 2393 9 2444 1
124 2381 210 2443 brnm
224 2381 521 2463 enndemsnperartio
539 2381 727 2460 Pharisaica,
744 2382 842 2464 farne*
902 2389 985 2448 visse
1006 2383 1118 2448 Giraldi
1140 2384 1313 2468 Symbolum
1333 2384 1524 2461 Electcmrm,
1548 2384 1617 2466 Epi·
1719 2375 1723 2384 '

8 2507 9 2516 .
124 2493 179 2558 qne
195 2473 402 2537 Dorabernica
417 2493 448 2538 re
466 2473 602 2557 propriis
620 2476 651 2536 in
668 2476 763 2556 iqriern
777 2495 842 2538 ma·
899 2478 993 2558 stolas
1009 2482 1109 2542 varias
1126 2482 1163 2541 ab
1194 2482 1257 2559 ipsc
1284 2480 1426 2542 collectas
1441 2497 1483 2550 ‚e
1506 2479 1617 2556 quibus
1712 2513 1715 2520 ·

8 2599 9 2612 ¹
122 2569 209 2632 nibrrc
229 2569 411 2645 misnrrnm,
438 2568 528 2630 minis
541 2569 728 2645 accmmmis,
749 2569 841 2631 oculi-
896 2575 1061 2652 publicavit
1090 2571 1258 2652 Epistolam
1289 2570 1332 2633 ad
1363 2569 1552 2633 Wiiireimum
1579 2569 1616 2631 de

123 2683 193 2745 sqne
208 2665 305 2725 torvis
327 2667 357 2724 et
377 2661 479 2725 verbis
502 2679 560 2722 non
569 2663 670 2726 minae
691 2662 839 2750 animosis
900 2667 975 2743 Ver,
992 2665 1182 2745 Episcopum
1203 2667 1472 2740 llarciardensrm,
1491 2673 1562 2726 tam.
1585 2665 1613 2724 E.

124 2773 213 2838 qoam
241 2755 431 2818 tnmnttnusis
461 2759 631 2817 commater
654 2757 836 2840 ,affirmavit
893 2759 1017 2838 Angliae
1032 2775 1134 2820 sacrae
1151 2777 1218 2838 pag.
1237 2761 1305 2820 344.
1330 2759 1472 2836 Symbola
1492 2759 1541 2818 alli
1564 2757 1616 2818 ad·

122 2851 265 2914 Nimirum
283 2857 319 2912 ut
337 2855 473 2912 notatum
491 2848 658 2909 Warthano
675 2853 725 2928 qui
745 2851 837 2912 libros
893 2853 952 2913 huc
974 2850 1086 2912 inedito
1099 2851 1227 2931 junctus
1245 2850 1321 2912 iiber
1335 2850 1371 2911 de
1389 2848 1613 2920 invectionibus,

8 2937 9 2966 1
122 2946 185 3006 illos
202 2944 339 3018 evaluit,
365 2941 507 3004 Giraldcs
533 2943 694 3004 Monachus
717 2946 836 3022 capitali
891 2947 956 3006 sive
977 2943 1177 3006 inaestimatam
1192 2963 1200 3004 .·
1215 2945 1319 3024 plures
1333 2943 1616 3006 innectioceadver-

121 3037 184 3100 odiu
204 3053 326 3116 semper
346 3043 525 3116 prosecutus
541 3043 609 3113 est,
632 3053 730 3115 usque
751 3037 834 3112 adeo,
892 3055 946 3100 sus
965 3037 1155 3113 wibertum,
1174 3039 1239 3098 sire
1256 3038 1446 3112 Hubertcm,
1465 3036 1612 3101 hbbatem

8 3105 20 3180 χ’
121 3138 152 3194 nt
173 3147 206 3192 ss
228 3132 319 3192 istam
340 3133 370 3206 in
402 3131 543 3208 precibus
572 3131 756 3209 quotidianis
785 3131 836 3192 dez
891 3130 1612 3209 dellethlesdene,0rdinis.cistercetEpistola

121 3225 321 3304 precationem
343 3239 433 3302 saepe
455 3224 667 3302 ingeminasse,
684 3225 837 3302 suisq3ia-
892 3225 1006 3304 prolixa
1022 3224 1226 3298 adl’etrum‚
1252 3227 1465 3286 ldenevensem
1493 3225 1615 3303 Episco-
1744 3223 1751 3230 ”

122 3315 539 3394 miliarihasiugeminanrlam
552 3317 742 3377 consuluisse
756 3319 835 3378 allic-
890 3335 986 3396 pum,
1008 3315 1044 3378 de
1067 3315 1162 3400 officio
1181 3316 1342 3396 Episcopi.-
1358 3317 1452 3380 altera
1480 3318 1517 3379 ad
1536 3317 1616 3379 Ada-

8 3397 10 3412 ’
120 3407 533 3473 macerit-aliomacharem
548 3407 664 3470 matitia
678 3407 837 3471 insanos
893 3427 996 3478 mum.
1013 3408 1161 3470 Abbatem
1177 3410 1453 3486 hveshamensem,
1471 3409 1615 3472 deiende
1706 3397 1708 3405 ⁴

119 3506 248 3566 mmdte.
267 3507 301 3566 lu
313 3504 455 3565 omnibus
471 3505 668 3582 suisscriptis
681 3504 837 3566 Eonacbc·
892 3503 1068 3564 amicitiae:
1095 3504 1131 3565 ad
1160 3503 1359 3580 liichardum,
1378 3503 1542 3584 Anglorcm
1560 3508 1616 3566 lle-

8 3573 9 3624 1
117 3617 185 3663 rum
206 3599 392 3680 hypocrisin,
410 3596 532 3658 iraudes
548 3604 579 3658 et
597 3599 746 3660 inscitiam
764 3600 837 3660 acri·
894 3613 981 3680 gent,
999 3598 1034 3660 rie
1052 3597 1224 3660 litterarum
1239 3603 1271 3658 et
1290 3599 1430 3660 Veritatis
1447 3598 1556 3676 stadio,
1574 3603 1613 3676 (in

8 3703 9 3710 ’
119 3693 323 3754 teriusectari
339 3691 439 3769 gestit.
459 3691 544 3752 Istud
573 3707 647 3753 vcro
675 3694 837 3773 Speculum
894 3711 953 3772 qua
969 3694 1040 3772 Regi
1063 3695 1134 3753 vitia
1158 3695 1309 3755 snamira
1334 3693 1472 3756 libertate
1504 3686 1616 3772 pariter

119 3786 257 3848 triennali
286 3785 388 3847 labore
422 3788 592 3866 composuit
624 3794 658 3848 ut
684 3795 838 3849 aeternam
896 3803 931 3848 aa
948 3789 1097 3866 gravitate
1126 3789 1280 3867 increpat.)
1314 3789 1418 3850 Sermo
1440 3789 1469 3848 in
1493 3787 1616 3865 synodo

118 3879 272 3942 llonachis
293 3880 447 3942 infamiam
469 3879 637 3966 induceret,
659 3887 752 3960 atque
773 3881 840 3943 odio
894 3881 1090 3955 lienevensi,
1120 3883 1149 3940 in
1178 3882 1251 3943 rllud
1268 3881 1391 3944 llalach.
1413 3881 1455 3954 ll,
1473 3879 1501 3940 7.
1519 3877 1615 3941 Labie

117 3990 171 4035 suo
185 3974 277 4054 plene
295 3971 474 4054 indulgeret.
487 3974 611 4054 initium
623 3975 664 4035 illi
684 3973 754 4036 iacit
771 3973 841 4054 Epi·
895 3971 1070 4036 Sacerdotis
1086 3973 1260 4036 custodiant
1273 3972 1444 4035 scientiam.
1462 3973 1615 4033 Constitu-

8 4139 9 4152 *
118 4067 324 4146 stolaprolixa
341 4066 379 4128 ad
397 4067 587 4148 Stephanum
610 4069 754 4131 Gantuar.
784 4067 840 4129 Ar-
898 4068 995 4127 tiones
1011 4065 1048 4126 rie
1072 4065 1156 4127 mode
1186 4065 1341 4145 reqirnrnrs
1360 4069 1389 4124 et
1413 4062 1613 4141 visitationis,

118 4161 343 4242 arhiepiscopum
358 4160 396 4221 de
410 4162 599 4224 litteraturae
616 4162 748 4224 deiectu.
765 4163 839 4225 Tres
896 4155 1026 4237 aliisque
1039 4155 1264 4246 scaneinsticis
1279 4155 1423 4236 introitis,
1442 4155 1529 4216 datie
1543 4155 1621 4218 Otii.

117 4254 327 4317 distinctiones
344 4255 481 4336 priores,
499 4255 712 4318 ldonachorum
735 4260 839 4335 nequi·
894 4249 1020 4312 cialibus
1036 4258 1068 4314 et
1092 4251 1218 4314 clericis
1235 4251 1292 4330 ipsi
1310 4247 1474 4327 subjectis:
1493 4251 1613 4312 Tracta-

119 4351 169 4410 tiis
183 4349 335 4410 duntaxat
349 4348 508 4411 narrandis
524 4356 556 4409 et
575 4347 762 4412 insectandis
787 4352 839 4413 ab·
894 4348 946 4404 tut
970 4340 1007 4404 de
1028 4348 1137 4405 twice
1161 4343 1341 4424 Scribimus
1360 4342 1551 4422 praemittite
1575 4361 1613 4405 ac

118 4450 292 4504 sumuntur,
315 4442 428 4514 Quarta
443 4441 523 4504 aliud
540 4450 755 4523 argumentum
778 4451 837 4506 tm.
892 4433 1037 4515 dr'qaitatc
1058 4436 1096 4498 ad
1113 4437 1304 4499 waltherum
1322 4437 1438 4516 hspes,
1459 4437 1613 4500 Archidia-

116 4543 190 4611 ctat,
202 4535 366 4599 scilicetne
382 4542 487 4612 statu,
504 4537 705 4611 institutione,
724 4537 837 4599 honore
896 4530 1246 4612 tonum'010n50080m2
1276 4533 1407 4593 iliricum
1431 4529 1613 4609 conjunclis·

117 4630 199 4692 sedis
209 4631 360 4692 Romanae
374 4629 697 4710 aliarumquesedium
711 4633 838 4694 Patriar·
864 4707 869 4719 ι
895 4625 1019 4684 simum·
1403 4659 1405 4669 v

933 4717 1064 4776 Carmen
1081 4715 1117 4778 rie
1132 4716 1257 4780 miserta
1272 4716 1447 4782 mndrtionis
1460 4719 1612 4783 hnmanae

159 4815 187 4876 ι)
204 4817 267 4870 vioe
283 4825 371 4870 macru
387 4817 516 4870 nanneni
533 4833 559 4882 p
576 4819 631 4870 cin.
722 4801 731 4832 ⁶
891 4809 952 4870 MS.
974 4809 1002 4868 in
1029 4810 1213 4874 bibliotheca
1237 4813 1465 4888 mmbatbana,
1487 4815 1609 4893 incipit:
1719 4892 1723 4900 ¹
