3562 5582
657 99 1066 173 enuntiantes
1567 107 1605 167 aa

160 215 275 274 Omitte
289 211 363 272 alias
380 209 555 283 damasius,
568 207 607 268 de
622 209 732 286 quibus
752 207 831 271 idom
886 211 1007 270 Praeter
1023 209 1200 283 ammones,
1218 203 1389 287 Epistulas,
1413 215 1444 268 at
1472 207 1605 270 Philosa-

7 303 9 318 '
127 308 275 368 samnius
290 321 320 384 p.
336 303 482 366 autimi
501 303 659 380 Hispanico
674 303 755 362 enirn
773 318 831 362 nan
882 300 1008 382 phiam,
1034 301 1172 366 lithicam
1184 346 1194 377 ,
1223 299 1397 374 Politicam,
1432 301 1603 364 Oeconomi-

127 401 227 462 turim
246 397 366 476 scriptia
379 395 579 458 celebrantur.
888 411 977 470 eam„
995 397 1115 473 scripsit
1133 394 1163 454 in
1188 393 1346 454 Canthum
1366 393 1553 470 Sclmnortir,
1574 405 1606 456 et

7 549 8 554 ,
160 492 272 552 *later
286 491 384 552 claros
398 489 555 550 Gomesias
578 489 735 550 Lusitanos
752 505 836 567 prae-
889 485 1056 550 Historiam
1068 485 1252 566 fundannum
1262 488 1438 550 monastmii
1453 491 1483 550 S.
1500 489 1607 552 lliera-
1694 489 1695 492 ’

7 563 9 666 [
120 584 301 648 toreundum
327 582 405 646 baud
423 583 500 656 duaa
515 582 690 646 Gomosium
719 581 837 644 Lusita·
889 580 973 660 nymi
989 580 1195 640 Grmiatcmir.
1213 581 1250 642 id.
1269 588 1340 642 tom.
1359 583 1388 644 2.
1404 600 1470 662 pag.
1486 585 1554 650 245.

7 719 8 738 r
121 695 193 742 num
207 678 641 755 ulyssispoaansam,qurcum
656 674 836 738 monamum
930 672 1196 738 GUNlllShLVUS
1213 672 1347 736 64444444
1376 673 1464 738 des.
1485 675 1607 754 hieria,

120 770 349 832 benedictinum
364 768 517 832 induisset
539 769 651 830 Patavii
671 784 721 830 an.
749 769 801 829 444
809 768 836 828 3.
891 768 973 828 Pauli
991 765 1049 828 Ari.
1062 767 1151 829 itti.
1168 769 1332 844 Burgunsis
1348 771 1379 828 l'.
1395 772 1523 848 scriptor
1537 769 1607 832 hist.

119 863 187 924 dein
207 865 340 926 tranavit
356 863 552 935 Florentiam,
567 861 764 940 eiusdemque
778 861 838 924 hb-
892 861 1005 938 Regum
1021 859 1205 937 bragarum,
1223 858 1320 921 adhuc
1338 862 1418 939 quod
1436 879 1528 924 soram
1547 865 1632 923 ine-.
1699 917 1701 924 4

7 943 9 1004 l
117 957 215 1018 batiae
231 959 365 1034 regimen
388 954 524 1018 tradente
544 955 662 1018 Nicolao
681 955 839 1019 Guaseano
892 951 991 1016 ditae:
1009 969 1026 1014 a
1043 969 1102 1030 quo
1120 953 1382 1029 GUlililShLVll,
1415 957 1609 1036 interpretem

7 1019 9 1126 ζ
117 1049 255 1126 ejusdem
273 1049 391 1112 hbbate
402 1048 676 1124 Commendatario,
694 1050 837 1127 suscepit,
894 1046 1040 1108 Historiae
1062 1045 1293 1124 aragonensisa
1314 1046 1464 1108 Gsubertu
1478 1048 1611 1111 Fabricio

7 1135 8 1156 *
117 1144 277 1222 munitque
293 1144 383 1204 anais
398 1141 516 1204 duabus
528 1158 625 1221 supra
638 1143 756 1219 viginti.
769 1143 838 1202 Post
892 1139 1087 1208 cisterciensi
1100 1141 1229 1218 scriptae
1241 1145 1385 1216 tanquam
1398 1139 1547 1217 juniorem
1565 1141 1611 1202 di·
1673 1131 1676 1138 ⁴

116 1235 233 1298 obitum
249 1234 397 1300 Ambrosii
424 1234 664 1298 camaldulensis
690 1234 839 1312 generalis
892 1233 1024 1312 stinguit
1047 1232 1186 1294 Nicotaus
1215 1231 1366 1296 Antonius
1386 1236 1511 1298 tumul.
1534 1235 1611 1296 Bibl.

7 1365 9 1394 ι
117 1331 198 1408 prior
209 1327 387 1410 earumdem
398 1327 675 1391 Canmlduteasium
692 1329 838 1391 Eremita-
893 1331 954 1384 uat.
975 1327 1100 1404 llispaa.
1119 1340 1184 1404 pag.
1202 1326 1279 1402 464,
1298 1327 1365 1388 idi.

7 1419 9 1470 ἔ
118 1421 837 1499 raraatnagaatatvnsasnciatasasteaaam-
931 1417 1231 1480 *uunntsatvus
1259 1418 1296 1480 de
1330 1418 1493 1500 Villadiepo
1511 1423 1612 1484 atriu-

118 1531 178 1592 ane
190 1515 261 1576 dein
274 1514 532 1592 administratione
547 1514 671 1576 dimissa
691 1513 835 1576 rediitad
891 1512 1156 1591 succlamabat
1172 1513 1202 1574 S.
1217 1512 1319 1574 Palatii
1338 1516 1489 1593 apostolici
1506 1531 1612 1578 eausa-

7 1637 9 1698 4
118 1609 324 1670 Florentinam
340 1607 507 1670 abbatiam.
522 1608 652 1670 Concilio
667 1609 837 1671 Florentino
892 1621 958 1666 rum
971 1604 1089 1666 auditor
1109 1605 1322 1667 ssursbateiroa
1332 1623 1380 1668 arr.
1395 1609 1472 1670 tres
1492 1611 1612 1688 scripsit

7 1717 9 1768 4
120 1702 272 1774 interluit,
289 1704 337 1764 cui
354 1703 568 1764 cum-coeteris
595 1701 782 1780 subscripsit
802 1703 835 1762 ln
893 1705 1055 1760 tractatum
1082 1699 1125 1758 De
1149 1697 1360 1760 cardinalium
1381 1699 1615 1762 encolismensi

7 1807 8 1812 ’
118 1795 266 1858 tabulario
283 1794 426 1856 namtas
444 1794 631 1856 Florentiuae
646 1795 749 1874 plures
771 1794 839 1872 ejus
893 1788 1034 1870 eli'pnilote
1043 1791 1159 1854 editum
1178 1793 1241 1854 loca
1257 1799 1289 1853 et
1305 1809 1384 1853 anna
1399 1811 1457 1853 non
1475 1795 1613 1874 designa-

119 1887 224 1948 literae
241 1893 363 1961 extaut3
379 1888 840 1966 44444444444444444444444441444Μ
893 1893 924 1945 to
942 1929 949 1960 ,
965 1885 1018 1946 sed
1037 1892 1070 1947 ut
1086 1885 1185 1960 credo,
1204 1888 1337 1961 Romae,
1358 1886 1406 1946 ubi
1423 1889 1535 1965 pariter
1551 1888 1613 1948 edi—
1654 1919 1659 1927 ·

117 1978 480 2042 hannnmummas
493 1976 627 2060 lienique
643 1983 841 2044 Gometiihb-
895 1984 945 2038 tus
965 1982 1013 2038 est
1041 1984 1189 2039 tractatas
1215 1979 1291 2038 alter
1318 1977 1455 2038 eiusdem
1474 1981 1612 2044 authoris

118 2077 197 2136 batis
212 2072 429 2154 capimtnpra
438 2072 650 2155 reformatione
666 2075 840 2139 llomsterir
894 2070 930 2132 de
950 2073 1058 2152 tapam
1079 2073 1131 2150 qui
1152 2071 1297 2152 prodiisse
1324 2071 1465 2134 scribitur
1491 2074 1521 2134 in
1553 2073 1611 2132 tina

116 2169 148 2228 S.
169 2167 320 2228 Damnioi.
346 2170 486 2231 Latinam
507 2168 577 2247 eius
597 2173 696 2232 uitam
717 2177 839 2234 auctora
894 2164 1029 2230 eiusdem
1041 2165 1107 2226 libri
1122 2163 1235 2228 Romae
1250 2167 1613 2244 impressusoumaucto

119 2261 231 2322 Thema
246 2261 448 2324 SALVETTO
464 2264 643 2326 ¹litarentiaa
663 2266 839 2344 iurisperim
895 2247 937 2316 'ris
948 2275 996 2318 au.
1011 2258 1243 2336 t485.licnique
1254 2258 1392 2320 eiusdem
1403 2265 1618 2334 esttractatus

7 2335 9 2374 ²
116 2353 602 2418 servaritraduntinltS.chiee
611 2357 839 2420 membranacea
894 2351 970 2412 alter
990 2358 1094 2412 cantra
1116 2349 1308 2412 Haereticam
1325 2351 1515 2432 ,mavimam
1535 2353 1614 2416 dire·
1746 2388 1748 2392 .

117 2449 264 2510 homnae
288 2449 496 2522 Florentinae,
530 2449 681 2526 mamque
699 2448 837 2522 ejusdem
893 2450 963 2506 ctus
983 2447 1113 2525 Reginae
1135 2447 1411 2524 hispaniensique
1428 2447 1528 2508 editus
1549 2448 1613 2510 locu

117 2543 251 2602 italicam
269 2539 364 2602 edidit
380 2544 410 2603 P.
423 2544 457 2602 4).
476 2543 613 2604 Placidus
624 2544 836 2626 Pucmnalliass
895 2541 1017 2614 incerte,
1035 2539 1089 2601 sed
1108 2556 1165 2600 non
1184 2539 1269 2614 alibi,
1296 2549 1332 2600 ut
1347 2541 1495 2616 arbitror,
1520 2559 1612 2620 quam
1676 2589 1679 2596 .

118 2634 319 2714 vulgavitque
340 2633 609 2697 Mediolanenses,
620 2639 656 2696 a,
672 2639 749 2698 Hm
774 2653 838 2698 om·
894 2631 1013 2690 Romae.
1032 2630 1179 2692 nutarem
1194 2632 1275 2694 huno
1290 2634 1454 2712 llrspaaum
1470 2635 1548 2710 licet,
1563 2638 1614 2696 nu-

118 2731 167 2790 nta
185 2728 373 2792 Anaeticus
384 2727 521 2790 minitata
537 2728 841 2792 Benaateainocnssi-
894 2723 997 2784 calaus
1017 2729 1118 2791 tamen
1143 2723 1292 2786 Antonius
1319 2728 1347 2784 in
1371 2743 1427 2788 sua
1449 2729 1613 2805 llispaniea

116 2824 225 2882 nensis
245 2839 312 2900 pag.
332 2823 399 2882 tau.
467 2877 470 2884 ,
731 2867 735 2876 .
895 2816 1614 2895 Bibliothecapraetermisit.Libellisliiseesaas

117 2965 124 2976 ,
159 2915 434 2993 Gunuisatvtls
450 2913 698 2990 ‚samonem
710 2913 842 2978 uaaot
898 2908 1061 2972 identidem
1074 2909 1284 2992 adnotationes
1296 2913 1496 2974 MSS-adiecit
1511 2916 1540 2973 in
1558 2929 1614 2976 sua

114 3025 195 3080 uns,
228 3006 398 3078 Gamales,
428 3010 578 3088 Hispanus
603 3011 682 3070 circa
716 3009 839 3076 hunum
895 3002 967 3064 (lod.
987 3004 1118 3080 Folinus,
1138 3005 1503 3085 interquaseam,quam
1526 3006 1614 3066 moda

7 3119 9 3184 ;
117 3102 199 3163 tito
224 3106 331 3163 auctor
360 3101 425 3164 libri
456 3103 693 3181 quemliiealao
713 3103 838 3164 auidam
894 3095 1027 3171 subiicia,
1046 3097 1305 3158 animadversione
1323 3098 1443 3178 dignam
1462 3101 1509 3160 hic
1528 3102 1615 3159 mini-

115 3194 249 3256 Catabro
266 3193 412 3272 dictavit,
430 3197 646 3274 inscripsitque
671 3193 839 3274 timinam,
897 3205 945 3250 me
963 3191 1212 3267 praetereundam
1225 3191 1321 3251 ducas
1334 3194 1488 3254 statatum
1502 3191 1563 3273 snit
1581 3193 1612 3251 in

114 3303 258 3348 errorum
272 3287 491 3352 etvha'eteslum
509 3289 642 3349 damnati
662 3288 702 3348 ab
712 3289 840 3365 inquisi-
896 3281 1026 3342 Correilio
1038 3282 1265 3360 Constnrttieosi,
1278 3288 1312 3344 nt
1323 3283 1429 3349 retulit
1440 3285 1532 3347 Gurd.
1546 3284 1614 3346 Ale-

111 3381 234 3440 tcribus
249 3379 553 3458 Antigonenaibuss·
675 3409 677 3416 ,
809 3411 811 3419 =
896 3373 1072 3438 mammam
1092 3393 1195 3436 eoram
1214 3376 1391 3440 abacelam
1415 3381 1466 3454 Vl,
1487 3379 1567 3459 qaod
1586 3379 1616 3440 si

156 3471 477 3534 GONlilSllLVUSde
492 3471 837 3536 VallehaaoOrd.llinor.
896 3469 1008 3550 uliquis
1030 3475 1075 3530 est
1093 3469 1205 3532 electas
1224 3471 1255 3530 in
1284 3473 1398 3551 Papam
1422 3489 1481 3552 per
1504 3479 1614 3534 metum

116 3565 432 3630 llinisterrGenerelis
457 3567 513 3629 hn.
532 3561 610 3628 rtur
628 3574 652 3630 'a
672 3567 838 3644 Waddingo
900 3562 1079 3624 cardinales
1099 3559 1264 3632 dehrni'oh
1285 3584 1318 3626 eo
1340 3567 1487 3643 recedere,
1502 3573 1531 3628 et
1546 3585 1615 3629 cam

7 3647 8 3666 *
115 3677 151 3736 p.
174 3663 234 3721 447
263 3660 423 3738 scripsisse
454 3658 582 3720 traditur
609 3667 776 3722 tractatum
802 3658 839 3720 aa
891 3657 1008 3736 fuerint
1028 3677 1060 3718 m
1079 3657 1181 3740 ulr'qrm
1203 3658 1265 3720 loco
1284 3659 1392 3738 simul,
1413 3677 1525 3740 rupere
1545 3679 1612 3722 eum

7 3753 9 3810 l
114 3753 289 3834 praeceptas
306 3749 837 3830 emanataanepatnumnorsm-
894 3757 928 3812 nt
955 3751 1052 3832 faciut
1083 3751 1265 3830 Concilium,
1299 3759 1328 3814 et
1354 3762 1511 3834 aspectent
1534 3755 1615 3835 cimil

116 3865 239 3920 aarum,
253 3855 286 3906 et
301 3845 337 3908 cle
355 3843 637 3924 AEquipoilentihnr.
655 3847 835 3908 hciortasse
890 3843 987 3924 sociat
996 3863 1055 3926 par
1076 3845 1151 3910 dnos
1171 3863 1294 3910 44444444.
1311 3848 1455 3928 Sisociet,
1476 3855 1546 3910 turae
1560 3849 1613 3908 ha-

120 3939 201 4000 idem
225 3941 316 4002 luerit
341 3936 605 4002 Gunntsatvus
634 3948 724 4016 quem
757 3939 835 4000 idem
895 3937 1003 4000 henum
1016 3955 1075 4018 pra
1091 3939 1248 4018 Pontifice,
1271 3940 1361 4002 donec
1384 3942 1547 4005 Corrcilinm
1564 3942 1613 4002 de·

7 4037 8 4064 4
114 4033 307 4112 tvaddtagos
327 4031 364 4096 etl
385 4031 541 4094 ioannis
563 4032 725 4094 Wnllensis
746 4035 837 4094 Fran·
892 4032 1057 4094 claravarit
1077 4049 1169 4112 saper
1191 4033 1374 4096 invaliditaie
1393 4035 1442 4096 vel
1458 4029 1611 4098 validitate

117 4129 232 4208 cissam
243 4128 295 4204 qui
306 4124 367 4188 hm
379 4126 457 4187 43044
470 4125 599 4188 traditur
612 4127 758 4200 floruisse,
774 4127 839 4186 rto-
891 4126 1050 4203 electionis,
1065 4131 1094 4186 et
1108 4126 1138 4186 ai
1149 4126 1337 4188 declaratum
1347 4127 1442 4208 suerit
1451 4145 1515 4190 esso
1528 4128 1612 4188 inra-

117 4220 261 4296 rilegium
276 4217 314 4278 de
328 4220 394 4279 Vita
408 4226 439 4280 et
455 4219 544 4280 dictis
562 4220 723 4282 illustrium
742 4219 837 4281 l’bilo-
892 4219 1007 4295 lidum,
1032 4227 1101 4280 444444
1123 4220 1247 4282 induent
1264 4237 1331 4282 euni
1351 4227 1386 4280 ut
1405 4220 1510 4295 cedat,
1532 4227 1571 4281 et·
1586 4239 1614 4282 si

119 4313 287 4392 sophorum
304 4329 370 4390 rap.
389 4315 400 4373 4
423 4320 510 4374 notat
528 4315 685 4392 scripsisse
706 4311 742 4374 de
762 4311 838 4375 diui·
893 4313 1018 4376 cessmit
1031 4313 1148 4394 [4444444
1162 4313 1278 4389 alium;
1294 4315 1323 4374 ri
1337 4332 1395 4374 nun
1414 4315 1545 4391 cesserit,
1562 4314 1613 4376 dc-

115 4406 202 4468 siane
217 4403 431 4486 Philosophiae,
447 4415 477 4466 et
493 4405 530 4466 de
546 4406 666 4468 anima:
685 4407 835 4485 libmsque
892 4406 1023 4470 declaret
1049 4408 1213 4474 Concilium
1239 4409 1405 4470 rhetianam
1424 4409 1558 4489 oollam,
1584 4415 1611 4470 et

115 4497 290 4564 arianista
315 4499 352 4560 de
375 4497 461 4564 caea
478 4508 508 4562 et
524 4500 561 4562 aa
574 4499 695 4574 4444444,
708 4517 748 4560 ex
763 4499 836 4563 ara-
891 4501 1049 4565 addicetur
1070 4509 1098 4562 et
1118 4501 1200 4565 alins
1222 4503 1360 4582 elipctur.
1386 4505 1501 4567 Videbis
1524 4513 1610 4585 posta

116 4593 189 4654 bico
211 4595 239 4652 in
262 4595 401 4655 Latinum
419 4594 621 4654 transtulisse.
893 4593 1020 4658 Consilii
1041 4597 1277 4660 constantiensis
1296 4615 1337 4658 an
1358 4598 1400 4660 ita
1421 4598 1525 4661 dicant
1538 4617 1610 4680 quu-

155 4685 426 4750 etmatSALVUS
440 4685 476 4748 de
491 4683 605 4764 Fraus,
630 4687 836 4768 Hieronymia-
891 4690 972 4750 niam
995 4689 1025 4749 in
1046 4689 1199 4772 impressis
1225 4691 1301 4754 nihil
1301 4735 1403 4754 .....
1425 4695 1461 4756 Si
1480 4711 1537 4754 nan
1560 4711 1610 4754 oe-

113 4799 179 4844 nus
198 4781 357 4844 Monachus
374 4783 432 4842 sub
449 4789 619 4844 extremum
639 4783 738 4844 seculi
757 4779 833 4846 xvi.
889 4783 969 4846 uerit
980 4784 1022 4846 ad
1038 4785 1202 4848 comitiam
1219 4793 1288 4848 tnnc
1304 4787 1428 4850 recedat
1445 4793 1479 4849 ul
1498 4803 1604 4866 supro.
