3562 5582
767 88 987 152 444444
1275 53 1278 60 ’
1589 100 1627 162 ss

122 206 161 268 ad
180 207 229 268 46.
256 203 376 266 Octobr.
393 201 478 264 4444
495 201 692 265 translatione
710 197 844 276 ejuslb.
902 198 1060 260 lectorum.
1079 197 1312 260 444411464144.
1333 200 1420 263 1476.
1432 203 1480 263 441.
1491 211 1522 264 44
1542 207 1628 268 1484.

1 301 2 310 ’
122 297 285 362 Novembr.
302 305 396 374 atque
422 294 612 358 RATPERTl
630 297 656 372 c)
682 309 792 354 versus
808 292 846 354 de
906 293 972 350 sine
990 290 1053 350 loco
1072 291 1098 350 4.
1111 297 1143 350 44
1156 291 1244 352 1487.
1258 293 1305 354 441.
1321 295 1436 357 Laudat
1446 297 1631 361 Trithemius

1 443 2 454 .
123 393 293 454 testivitate
311 392 341 452 S.
359 390 444 452 Galli.
462 389 502 452 144
516 407 582 468 pag.
601 391 670 451 415.
687 389 793 449 Sermo
809 386 848 446 ab
903 401 967 463 cap.
996 385 1066 446 ota.
1092 400 1302 466 sermonesque
1329 387 1465 467 ejusdem
1494 391 1569 452 Galli
1591 392 1634 454 nd

122 504 158 547 eo
175 485 278 548 dictus
296 487 325 544 14
343 484 456 564 templo
472 483 503 546 S.
528 482 672 562 Stephani
691 481 720 542 14
742 497 849 542 conse-
901 475 1021 559 iratres
1050 485 1207 541 memorat.
1230 480 1466 558 llalogranatum
1487 488 1577 547 etiam
1600 489 1631 548 in

122 582 259 642 eratione
283 579 408 642 loannis
433 579 575 656 Episcopi
600 575 848 648 constantiensis
905 573 1056 651 Belgicam
1074 571 1207 648 lingnam
1226 591 1352 636 versum
1372 587 1475 638 narrat
1492 579 1633 642 vischius

123 675 184 738 An.
203 675 272 735 614.
297 673 385 734 14444
408 674 525 751 primus
550 670 686 734 ediderat
709 669 850 730 Canisius
905 666 1124 728 1111440144444.
1145 683 1174 743 p.
1194 668 1262 727 118.
1279 669 1528 748 qninrgumeota
1545 673 1633 734 libro·

123 770 157 828 T.
187 767 223 830 V.
251 767 400 844 antiquar.
429 771 510 828 Lect.
536 771 621 848 parte
645 765 673 824 2.
691 780 757 842 pag.
779 765 847 824 986.
904 777 971 820 rum
990 757 1057 836 ejus
1074 758 1166 820 refert
1184 760 1232 820 his
1251 762 1360 835 verbis,
1375 762 1446 842 Agit
1459 772 1561 827 antem
1574 770 1633 846 pri·

124 859 208 938 (edit.
228 875 325 920 novae
340 857 544 936 4444434444
559 864 632 918 4444.
650 859 677 918 1.
689 874 756 935 pag.
770 857 847 933 784.)
905 871 974 916 mus
992 854 1079 930 liber,
1095 853 1132 914 de
1150 859 1234 916 statu
1257 856 1480 935 incipientium,
1502 861 1560 922 sub
1581 863 1633 921 tri-

122 952 236 1016 deinde
264 969 406 1014 recusum
424 953 454 1012 in
472 951 684 1030 supplemento
706 951 778 1014 bibl.
796 953 850 1012 Pe·
903 950 962 1010 bus
977 949 1232 1026 distinctionibus,
1251 952 1278 1010 1.
1297 957 1353 1010 est.
1376 951 1414 1010 de
1434 956 1632 1016 conversione

122 1054 208 1110 trum
226 1047 320 1108 Paris.
334 1052 408 1106 tom.
424 1048 437 1108 4
454 1061 540 1123 ,pag
556 1042 624 1102 678.
641 1051 673 1104 et
684 1046 713 1103 in
729 1043 850 1123 Lugdu-
905 1043 1036 1104 hominis
1055 1043 1093 1104 ad
1111 1045 1217 1118 Deum,
1228 1045 1256 1106 2.
1273 1044 1311 1106 44
1327 1047 1506 1107 contritione
1517 1053 1550 1107 et
1562 1052 1633 1108 coni

122 1142 213 1202 nensi
231 1139 306 1202 Bibl.
325 1144 397 1200 tom.
415 1139 467 1200 xl.
483 1154 550 1216 pag
571 1138 658 1199 4046.
681 1145 712 1198 44
729 1153 850 1216 separa-
903 1137 1050 1214 lessione3
1069 1137 1097 1196 3.
1115 1136 1153 1198 de
1170 1139 1385 1200 satisfactione.

123 1232 847 1312 414444440444.8444441144414444444416488.
943 1231 1031 1291 Liber
1047 1232 1075 1291 2.
1091 1232 1152 1310 agit
1165 1231 1204 1290 de
1221 1237 1304 1294 statu
1322 1232 1562 1310 Proficientium‚
1580 1238 1633 1296 tri·

122 1323 279 1388 Ecclesiae
292 1343 366 1388 uero
374 1323 590 1404 gubernandae
603 1323 735 1407 formum
747 1332 778 1387 et
790 1342 852 1386 roo-
904 1325 962 1388 bus
977 1327 1068 1386 etiam
1086 1324 1350 1400 distinctionibus,
1379 1343 1512 1405 quarum
1536 1330 1631 1406 prima

123 1417 356 1482 emendatorio
369 1419 410 1481 ud
424 1418 616 1484 Wulmnrum
626 1419 849 1498 Presbyterum,
906 1420 1024 1498 agitur,
1052 1415 1090 1478 de
1117 1419 1259 1482 vitiorum
1291 1417 1514 1496 detestatione,
1529 1453 1532 1459 ν
1546 1423 1574 1483 2.
1595 1421 1633 1482 de

124 1531 204 1593 quac
219 1520 370 1575 memorat
381 1513 499 1588 Balens,
509 1513 698 1574 intercidisse
709 1512 756 1573 vel
768 1517 850 1573 certe
906 1514 1056 1574 virtutum
1084 1512 1276 1591 operatione,
1306 1515 1333 1576 3.
1363 1513 1632 1578 delectationum

124 1607 208 1668 edita
227 1625 287 1669 non
306 1625 376 1668 esse
393 1609 553 1680 existimo,
577 1613 663 1668 certe
679 1608 758 1666 14444
774 1605 850 1666 04111
907 1607 1114 1684 perpessione.
1469 1643 1475 1652 ·

126 1702 278 1781 opuscula
298 1719 315 1764 a
332 1701 455 1762 Barthio
483 1701 584 1774 edila,
607 1700 686 1778 quod
705 1700 753 1759 vir
767 1716 851 1778 prae·
948 1698 1035 1759 Liber
1052 1700 1081 1759 3.
1098 1701 1161 1780 agit
1178 1700 1216 1762 de
1231 1702 1323 1762 Statu
1342 1703 1560 1780 perlectorum,
1577 1703 1635 1764 sub

123 1797 228 1856 clarus
244 1794 436 1873 conjiciebat,
453 1793 753 1870 4444444444,411414
768 1795 851 1854 enim
906 1793 1003 1854 tribus
1020 1792 1393 1872 4144144414414444;Ρ41444
1410 1797 1513 1860 44444
1534 1796 1634 1858 cordis

1 1957 2 1968 ,
124 1890 203 1950 Galli
221 1895 342 1968 praeter
364 1904 555 1964 sermonem,
570 1887 633 1964 jann
650 1893 849 1948 memoratum
907 1886 1119 1963 munditiae.
1141 1887 1253 1948 444141
1274 1890 1452 1966 etprcxlmi
1473 1891 1633 1962 charitate,

1 1989 3 2034 l
125 1982 273 2044 barthius
291 1979 395 2041 edidit.
413 1978 580 2060 lapeleiam
595 1982 722 2042 brevem
739 1979 781 2040 ud
795 1980 853 2040 De·
908 1981 935 2040 3.
954 1980 993 2041 de
1007 1982 1158 2042 Crantoris
1175 1982 1311 2042 omnium
1332 1983 1593 2062 contemplatione.

1 2072 2 2097 ¹
125 2074 279 2137 siderium
295 2075 334 2138 ab
349 2073 407 2136 114.
427 2076 513 2136 4635.
538 2075 764 2136 cadurcensem
783 2075 852 2152 Epi·
949 2075 1086 2149 lliuius,
1107 2082 1142 2136 ut
1162 2075 1299 2152 arbitror,
1313 2073 1389 2138 Galli
1406 2078 1527 2136 nomine
1547 2079 1636 2155 lingi-

1 2171 2 2194 l
125 2187 275 2249 44444444,
291 2185 384 2246 quern
400 2167 558 2228 Dominum
578 2184 696 2248 semper
719 2185 809 2234 suum
826 2172 856 2228 el
909 2171 964 2230 stri
981 2166 1062 2230 Galli.
1076 2170 1254 2248 praenotati,
1276 2185 1433 2231 sermones
1454 2169 1575 2248 quidam
1597 2169 1635 2230 de

1 2291 2 2304 ¹
125 2261 331 2343 Apostolieum
348 2262 469 2322 Patrem
484 2261 589 2322 Gallus
597 2259 740 2341 ,44444444
753 2263 855 2341 appel-
909 2269 1044 2341 tempore
1062 2267 1167 2323 servat
1187 2263 1245 2324 MS.
1262 2262 1364 2326 Codex
1384 2279 1471 2326 meus
1488 2263 1637 2326 membra-

126 2358 171 2418 lat
185 2403 193 2434 ,
208 2357 349 2434 vulgavit
361 2356 491 2418 lacobus
508 2357 647 2416 Uenerius
665 2357 694 2416 in
710 2356 854 2434 Epistolis
911 2372 1023 2416 naceus
1043 2356 1150 2420 eodem
1173 2356 1232 2432 illo,
1253 2347 1321 2436 quo
1335 2352 1445 2419 Gallus
1464 2358 1540 2418 vixit
1561 2365 1637 2420 tem-

124 2451 298 2512 }libernicis
315 2466 381 2528 pag.
399 2451 445 2511 23.
465 2451 499 2509 ln
516 2467 552 2510 ea
575 2451 688 2510 mentio
715 2449 753 2509 de
769 2448 853 2511 clade
909 2465 980 2528 pore
1001 2451 1143 2532 scriptus.
1166 2456 1239 2510 sunt
1261 2467 1333 2510 vero
1355 2465 1512 2511 sermones
1533 2452 1614 2512 xlx.

125 2543 319 2606 Massiliensi.
335 2541 431 2619 lluJue
448 2543 477 2604 S.
491 2543 605 2604 antu
620 2542 737 2603 celebre
752 2559 855 2604 44444-
947 2540 1076 2604 teneus
1092 2541 1242 2606 GALLUS
1264 2545 1511 2629 llubeaquensis,
1540 2545 1635 2606 Thac

1 2683 2 2722 ,
124 2636 255 2698 sterium
273 2636 302 2694 in
316 2635 427 2695 Snevia
444 2635 516 2698 Ord.
531 2633 641 2696 Bened.
659 2633 696 2696 du
713 2651 774 2712 quo
785 2634 853 2696 Gol-
910 2635 995 2714 lngus
1012 2633 1197 2698 4444414444
1214 2639 1381 2715 Spirensis,
1398 2637 1489 2716 cuius
1506 2655 1636 2717 opuseu-

126 2729 238 2791 dastus
268 2730 298 2788 in
320 2727 534 2790 Alamannicis.
561 2727 636 2790 Vide
662 2744 753 2806 supra
780 2733 852 2788 tom.
906 2729 968 2789 lum
987 2728 1080 2789 Nosce
1097 2733 1124 2788 te
1141 2727 1240 2810 speum
1257 2729 1355 2790 lucem
1371 2731 1448 2790 vidit
1462 2729 1634 2792 Heidelber-

127 2826 247 2902 l,pag.
262 2821 281 2882 7
299 2827 390 2899 atque
404 2823 620 2900 epigrammata
636 2828 667 2882 et
682 2821 788 2899 hymni
806 2837 854 2880 sa·
908 2839 963 2901 gae
981 2823 1068 2882 4480.
1086 2823 1151 2900 ipse
1168 2820 1248 2882 diem
1276 2823 1348 2882 obiit
1371 2823 1427 2882 An.
1450 2825 1538 2886 1516.
1561 2824 1635 2884 Vide

1 2993 2 2998 ἵ
124 2917 169 2975 cri
204 2914 369 2976 illustrium
401 2914 539 2976 Virorum
578 2914 657 2978 illius
684 2915 854 2976 4144444441
908 2915 1035 2976 Cornelii
1070 2915 1244 2994 Beughemii
1281 2917 1464 2980 incunabula
1493 2924 1637 2998 typogra-

129 3013 161 3070 in
178 3016 253 3070 mm.
280 3008 314 3074 V.
332 3014 416 3086 parte
440 3007 640 3086 4444414444.
659 3010 740 3070 Lect.
763 3009 852 3070 Henr.
909 3007 998 3086 phiae
1017 3025 1085 3087 pag.
1108 3007 1172 3070 bl.-

126 3104 261 3176 Canisii,
279 3101 361 3178 (edit.
384 3117 481 3161 novae
499 3107 571 3164 torn.
588 3108 673 3180 parte
691 3103 718 3161 3.
737 3120 764 3180 p.
785 3101 853 3162 185.
948 3100 1099 3164 Gnatus
1109 3102 1314 3168 Aruernorum
1332 3106 1638 3168 sivedlaremonten·

1 3225 2 3230 .
125 3199 202 3274 seq.)
217 3193 389 3258 Chronieon
400 3194 617 3256 brevissimum
635 3194 851 3256 monasteriis.
908 3195 951 3254 sis
972 3195 1163 3274 Episcopus,
1180 3198 1210 3257 si
1225 3198 1348 3260 Surium
1366 3201 1397 3256 et
1425 3199 1565 3260 vossium
1588 3214 1636 3258 se-

124 3289 203 3350 Galli
219 3289 258 3350 ab
272 3287 330 3348 hu.
346 3287 420 3349 Chr.
436 3288 504 3348 694.
521 3286 558 3348 44
577 3288 645 3349 814.
663 3286 743 3366 apud
765 3287 853 3348 Baln·
912 3288 1035 3366 quimur
1064 3289 1094 3348 S.
1121 3288 1403 3364 Βο4141,144444144.
1428 3289 1637 3350 Aruernorum
1664 3309 1667 3315 ¹

126 3385 211 3444 zium
225 3389 301 3450 tom.
319 3384 347 3444 1.
363 3382 444 3442 14144.
463 3397 531 3460 pag.
550 3381 617 3442 494.
633 3381 700 3441 aaa.
715 3369 860 3458 Denique'
908 3381 1001 3440 seculi
1019 3382 1118 3442 444441
1134 3383 1218 3442 141414
1232 3383 1372 3462 Episcopi
1387 3384 1481 3442 vitam
1497 3384 1635 3462 scripsit:

125 3471 854 3552 4444444441,4444444444444444444
901 3472 966 3534 ¹Sed
996 3489 1128 3536 coaevus
1155 3491 1326 3554 anonymus
1347 3478 1475 3555 scriptor
1501 3478 1585 3538 Vitae
1607 3476 1638 3536 S.
1688 3481 1696 3494 ’

126 3569 166 3631 44
183 3569 265 3630 Viris
281 3567 450 3630 illustribus
462 3567 632 3629 blonasterii
650 3568 681 3628 S.
693 3567 769 3630 Galli
787 3568 852 3630 libri
907 3567 1005 3626 Boniti
1024 3567 1053 3626 in
1071 3563 1157 3628 Actis
1171 3569 1306 3630 Sanctor.
1320 3573 1435 3631 tomi.
1450 3571 1572 3632 444444.
1590 3571 1638 3630 15·

125 3663 265 3726 duodo.
284 3661 379 3723 4606.
391 3677 421 3720 in
445 3661 550 3739 scripti
565 3667 596 3720 et
621 3659 691 3722 editi
710 3659 853 3722 Bernardi
910 3675 979 3738 pag.
1003 3657 1092 3721 1070.
1112 3663 1142 3720 14
1161 3662 1282 3742 prologo
1300 3669 1420 3724 tautum
1439 3669 1571 3726 44444444
1592 3669 1640 3724 444

127 3760 208 3820 i’ezii
225 3763 301 3818 tom.
315 3757 343 3816 4.
357 3753 581 3816 dnecdotorum
600 3758 685 3832 parte
696 3755 723 3814 3.
743 3771 770 3832 p.
785 3756 844 3818 555
908 3748 1001 3812 vilem
1019 3750 1114 3814 Eleliii
1130 3756 1204 3831 (sive
1221 3755 1327 3833 lllidii,
1347 3758 1437 3836 vulgo
1458 3759 1488 3819 S.
1512 3758 1636 3835 Allyre,

167 3849 322 3912 GALLVS
337 3839 448 3926 junior,
466 3849 587 3910 natione
599 3846 779 3922 Germanus,
796 3844 855 3908 Ab
909 3843 998 3922 eujus
1026 3848 1170 3908 memoria
1186 3848 1220 3908 V.
1243 3849 1323 3910 lunii
1348 3851 1464 3927 colitur)
1487 3855 1516 3912 et
1536 3849 1638 3926 Galli,

125 3947 183 4006 bas
207 3941 279 4004 044.
309 3942 436 4006 Cisterc.
464 3940 604 4004 Coenobii
632 3937 727 4000 dulae
748 3940 854 4018 Regiae
907 3937 1126 4018 Episcoporurn
1157 3939 1346 4020 Arverniae,
1380 3941 1527 4004 1444414444
1561 3941 1638 4022 stylo

124 4055 220 4118 prope
233 4039 361 4114 Pragam
379 4035 409 4094 in
428 4032 580 4106 bohemia,
602 4034 718 4112 llegum
739 4034 857 4094 Mauso·
905 4029 1059 4111 predelam
1086 4040 1230 4108 exstare,
1250 4037 1352 4098 vitam·
1371 4044 1473 4104 444444
1502 4038 1597 4096 Boniti
1621 4053 1639 4097 a

125 4123 856 4205 1444444444,4144444.4370.4441441414444-
913 4125 998 4186 Gallo
1016 4129 1159 4206 scriptam
1179 4144 1237 4186 non
1270 4136 1428 4190 memoret.
1448 4130 1523 4190 Galli
1546 4127 1640 4207 hujus

1 4251 2 4258 .
126 4223 255 4284 44114444
271 4218 433 4282 4444144444
458 4224 487 4279 44
506 4217 714 4302 difficultatum
734 4236 813 4299 quoe
835 4238 856 4283 u
912 4220 1044 4297 primia)
1063 4222 1152 4280 istius
1170 4223 1299 4284 nominis
1310 4223 1450 4302 Episcopi
1465 4223 1640 4285 Clerumen-

1 4327 2 4396 ζ
125 4322 210 4378 stulu
227 4311 368 4394 religioso
389 4312 559 4394 quempiam
575 4329 706 4376 ncccnre
723 4318 856 4392 possent.
912 4314 973 4372 tani
991 4331 1029 4373 44
1043 4313 1177 4390 Gregorii
1192 4315 1263 4375 Tur.
1280 4315 1358 4376 Vitis
1380 4319 1501 4378 Petrum
1523 4334 1588 4397 cap.
1611 4319 1639 4378 6.

126 4413 288 4472 Praeterea
305 4407 547 4486 dlaioprnnetnrn
564 4409 629 4466 sive
647 4407 803 4486 Dialogum
815 4409 859 4468 in·
913 4405 980 4468 Vita
997 4407 1085 4468 obvia
1102 4423 1172 4468 cum
1191 4410 1282 4482 netis,
1299 4411 1328 4468 in
1352 4409 1436 4472 Actis
1457 4413 1594 4474 Sanctnr.
1613 4414 1638 4474 1,
1691 4411 1695 4417 “

1 4543 2 4558 .
126 4513 176 4564 ter
194 4505 314 4562 Patrem
325 4509 357 4562 et
367 4501 484 4574 Filium,
496 4499 703 4562 tribualibris:
721 4498 759 4559 de
774 4507 856 4562 statu
910 4501 979 4561 lulii
1000 4518 1067 4580 pag.
1089 4500 1156 4562 405.

126 4598 238 4676 triplici
257 4593 477 4673 iunipientium’
496 4593 716 4672 pronoientium
738 4598 770 4652 et
790 4609 856 4672 per·
951 4657 1253 4720 04144444444441444.
1271 4667 1332 4713 tom.
1350 4665 1478 4715 44411144
1506 4666 1588 4716 christ
1619 4681 1634 4732 p

170 4729 196 4788 e)
213 4728 307 4778 cuntes
322 4725 431 4778 1444414414.
448 4729 550 4776 Petrum
568 4722 648 4787 tugd.
664 4730 725 4776 tom.
738 4727 819 4773 xxvii
834 4739 858 4788 p.
904 4730 960 4781 414.
976 4743 1029 4794 seq.
1046 4739 1071 4782 et
1085 4730 1117 4782 de
1133 4734 1202 4784 Gallo
1216 4738 1247 4788 11.
1259 4741 1432 4792 Aruernorum
1449 4741 1573 4804 ltplseopo
1591 4701 1643 4790 444.
1762 4807 1765 4812 ¹

124 4803 183 4853 610.
205 4815 262 4864 sen.
908 4816 938 4854 cn
954 4809 982 4855 t.
1002 4805 1064 4855 tlt.
1074 4807 1171 4868 [414116.
