3596 5610
702 63 953 158 acaunus

87 205 194 359 Codicis
219 203 480 285 Pseudepigrapho
497 203 615 266 Veteris
636 203 717 262 Test.
739 207 761 260 t.
785 204 796 263 i

85 316 149 378 pag.
193 300 242 360 ab.

165 481 561 548 ...mammonam
570 481 800 564 [montania

81 584 144 640 tam
161 594 294 640 massam
311 585 504 656 corrumpat,
521 593 538 638 a
555 577 694 656 pretiosis
717 591 803 654 prae-

82 671 178 732 coniis
189 669 493 746 vilesecernimus,de
504 671 648 732 virtuosis
659 670 800 730 vitiosum

80 764 294 827 rescindimus.
324 762 351 824 A
371 761 668 826 commendationum
684 767 801 824 nostra-

39 903 43 908 .
81 875 149 920 rnm
166 859 304 936 quinario
320 857 502 937 deponimus
513 861 653 935 quartam
673 861 800 935 partem.

99 1041 238 1124 Epistula
249 1043 325 1105 *xix
343 1043 584 1104 Debectoiorum
603 1003 646 1103 cd
664 1040 774 1122 derepit

218 1153 312 1217 super
332 1137 419 1234 liepr’s
436 1133 658 1216 resonatione.

116 1323 267 1402 Singulari
285 1325 365 1401 regis
377 1321 510 1402 remedio
523 1338 559 1383 ac
576 1319 740 1382 universali
756 1337 801 1382 re·

78 1416 199 1494 trigario
216 1416 355 1494 regionis,
376 1417 502 1476 fflmrno
526 1413 648 1494 Joseph,
664 1413 801 1477 consiiia-

78 1510 122 1568 rin
140 1509 238 1572 bonae
253 1508 333 1570 lidei:
354 1508 523 1587 praeposite
544 1507 638 1568 bonae
656 1508 730 1586 spel,
751 1507 802 1568 dn·

77 1602 206 1664 mastica
221 1603 300 1680 regis
318 1601 424 1662 militia
441 1607 472 1662 ot
487 1602 637 1679 armigera
652 1600 800 1676 clientela,

75 1695 209 1756 mntem
220 1696 426 1759 etnlllciorum
438 1694 605 1756 salubrium
616 1688 797 1756 exercitium

74 1787 220 1850 salutare.
241 1789 275 1850 ln
296 1789 445 1850 castrensi
469 1788 591 1850 miseria
612 1789 795 1863 constituti,

5 1905 9 1912 ·
74 1882 105 1942 in
124 1881 262 1942 miranda
282 1888 314 1942 et
331 1880 501 1943 miseranda
519 1881 602 1942 curia
619 1887 764 1958 tanquam
781 1897 799 1942 a

72 1976 186 2036 metris
206 1973 380 2051 iniustitiae,
401 1975 431 2034 in
448 1973 551 2034 schola
568 1973 796 2050 fraudulentiae,

74 2069 105 2128 in
128 2067 193 2128 loro
207 2067 395 2148 cupiditatis,
412 2067 441 2126 iu
459 2067 603 2127 vanitatis
630 2067 796 2143 tyrocinio,

72 2164 103 2223 in
122 2159 455 2238 lenociniornluptatis
473 2161 502 2218 in
520 2158 597 2220 silve
619 2158 796 2220 sollicitudi-

72 2254 209 2330 num,.in
228 2254 388 2314 venatione
405 2252 531 2326 mortis,
551 2252 579 2310 in
596 2250 722 2312 macello
738 2251 800 2338 vir-

72 2355 190 2423 tutum,
208 2349 238 2406 in
256 2345 371 2424 rruptiis
390 2345 544 2419 vitiorum,
563 2345 592 2404 in
611 2343 798 2423 plenitudiue

73 2442 235 2514 malcrum,
264 2439 294 2498 in
321 2437 469 2498 bonorum
487 2435 649 2498 solitudine
670 2435 795 2496 desolati

72 2529 225 2592 scelestae
245 2528 346 2588 curiae
368 2525 470 2586 scelus
495 2523 593 2585 celare
615 2524 796 2600 nequimus,

70 2623 195 2703 palliare
209 2621 373 2693 nescimus,
387 2633 535 2678 excusare
552 2618 578 2676 si
596 2615 793 2690 voluerimus,

1 2788 2 2793 ἵ
70 2733 134 2778 non
154 2713 304 2776 valemus.
326 2710 412 2774 Unde
433 2707 691 2790 quemadmodum
709 2710 791 2770 navi-

68 2815 181 2889 gantes
196 2823 289 2881 mare,
306 2809 429 2866 narrant
444 2804 511 2880 eius
527 2801 671 2880 pericula,
687 2801 728 2862 ita
741 2815 797 2860 nos

1 2917 2 2932 ³
67 2902 218 2966 curialem
234 2902 440 2960 commeantes
456 2892 699 2967 amaritudinem,
716 2893 793 2971 pari-

1 2989 2 2992 ’
67 2997 175 3059 culoso
204 2993 301 3072 ipsios
318 2990 481 3068 naulragia,
499 3005 577 3067 quae
595 2988 733 3062 scimus,
755 2985 797 3048 ic·

1 3095 2 3174 ζ
68 3090 207 3170 quimur,
224 3101 303 3164 quae
320 3083 463 3158 vidimus,
478 3087 638 3143 testamur.
649 3079 795 3144 Ceterum

857 221 934 268 sam.
949 204 1008 266 Vae
1024 203 1076 266 tibi
1089 202 1181 266 cbaos
1197 205 1392 284 contusionis,
1409 212 1489 274 stilla
1504 215 1575 276 sub

858 299 1014 372 versionis,
1041 299 1123 358 curia
1152 297 1294 376 nepharia
1321 299 1503 382 Pharaonis,
1527 305 1577 368 ubi

856 390 970 466 veritas
982 391 1104 464 corruit,
1115 391 1356 468 caritasamidit,
1374 402 1494 460 ceterae
1512 401 1574 460 vir-

857 488 940 544 tutes
965 489 997 544 at
1022 497 1106 544 arma
1130 482 1255 556 bellica,
1280 501 1339 545 non
1371 490 1500 552 carnalia
1523 491 1578 554 sed

856 576 1023 655 spiritualia
1034 575 1198 654 perierunt.
1218 578 1279 639 Vae
1296 578 1348 640 tibi
1366 578 1492 643 domina
1505 601 1578 662 gen—

855 670 942 746 tium,
959 672 1099 748 princeps
1111 671 1344 748 provinciarum,
1366 673 1448 736 nunc
1469 674 1573 751 vidua,

855 779 936 829 nunc
959 764 1124 839 tributarie,
1146 763 1269 824 viduata
1289 765 1464 843 virtutibus,
1488 770 1571 830 vitiis

854 853 1032 934 subiugata:
1053 857 1182 935 AEgypte
1205 857 1263 918 noli
1280 873 1339 918 nou
1355 858 1438 921 llere.
1451 858 1516 922 Non
1532 868 1578 924 ta-

853 956 921 1011 ceat
940 949 1051 1027 pupille
1072 949 1151 1010 oculi
1172 950 1226 1023 tui,
1248 953 1318 1026 quia
1343 953 1501 1016 visitatum
1524 963 1574 1016 est

853 1030 963 1104 rrnmeu
988 1045 1087 1117 tuum,
1114 1045 1184 1120 quia
1214 1043 1375 1104 nominalis
1396 1043 1573 1108 deformitas

853 1142 1057 1198 transmutata
1077 1141 1126 1196 est
1142 1137 1172 1194 in
1191 1136 1312 1196 realem.
1334 1137 1438 1198 Facies
1455 1145 1507 1200 tua
1525 1157 1577 1202 su·

854 1245 908 1306 per
923 1227 1069 1292 carbones
1085 1226 1242 1306 denigrata
1262 1234 1320 1305 est,
1343 1228 1445 1295 lumen
1468 1232 1575 1295 vultus

855 1321 899 1382 tui
917 1321 947 1380 in
965 1321 1107 1382 tenebrae
1123 1335 1307 1383 conversum
1324 1329 1381 1397 est,
1401 1325 1481 1385 risus
1502 1331 1575 1386 tuos

855 1413 1008 1476 resolutus
1023 1419 1072 1474 est
1089 1415 1118 1474 in
1133 1429 1310 1476 moerorem.
1326 1415 1405 1476 Ecce
1421 1416 1575 1492 tenebrae,

849 1521 925 1582 ¹ecce
942 1523 1068 1573 moeror.
1084 1521 1155 1568 ecce
1173 1507 1302 1568 notabile
1320 1509 1510 1588 praesagium
1524 1525 1576 1570 ex-

857 1601 1025 1678 perimento
1036 1599 1129 1662 tlebili
1138 1607 1395 1662 consummatum.
1407 1602 1436 1662 Si
1449 1603 1577 1664 tortasse

858 1695 902 1753 sic
918 1693 1052 1754 tenebris
1069 1695 1202 1769 inversa,
1213 1695 1256 1754 sic
1267 1694 1481 1762 moestitudine
1496 1697 1579 1758 tebe-

855 1786 941 1862 lacta,
969 1786 1050 1864 quod
1078 1783 1209 1848 necdum
1227 1802 1426 1864 recognoscas
1453 1805 1509 1850 nec
1531 1795 1576 1852 te-
1636 1817 1640 1825 ·

855 1881 982 1957 nebras,
1012 1895 1256 1940 necmcerores.
1280 1880 1326 1939 En
1348 1881 1512 1958 optimates
1533 1883 1576 1942 tui

852 1973 1048 2034 obtinuerunt
1059 1987 1236 2047 moerorem,
1249 1972 1388 2049 princeps
1402 1978 1475 2037 tuus
1490 1989 1576 2051 prae·

851 2067 939 2143 cipue
967 2065 1159 2137 tenebrescit,
1181 2063 1310 2142 populus
1338 2071 1413 2126 tuus
1436 2080 1573 2126 moerore
1667 2051 1677 2068 '

852 2157 988 2220 tabescit.
1019 2157 1130 2219 Exitus
1150 2172 1298 2234 aquarum
1319 2156 1446 2219 deduxit
1467 2159 1574 2220 oculus

853 2249 959 2328 plebis,
982 2251 1052 2328 quia
1067 2249 1177 2327 caligat
1197 2249 1304 2310 oculus
1321 2251 1464 2329 principis
1477 2253 1576 2330 suspi-

852 2344 936 2404 ciens
954 2343 984 2402 in
1001 2342 1167 2405 excelsum.
1190 2342 1251 2402 iste
1273 2343 1413 2405 turbatus
1428 2350 1476 2404 est
1494 2345 1576 2405 iuro-

852 2451 899 2510 re,
920 2437 1063 2514 quoniam
1086 2479 1093 2494 .
1117 2479 1124 2496 .
1147 2480 1154 2494 .
1177 2481 1184 2494 .
1206 2435 1444 2498 contenebratus
1465 2441 1514 2498 est
1534 2436 1571 2498 ab

851 2545 962 2590 errem.
974 2527 1211 2604 lleritoquidem
1223 2527 1420 2590 moerendum
1432 2517 1574 2607 estquod

851 2620 937 2699 plebs
959 2621 1131 2682 imminuta.
1148 2636 1208 2680 nun
1224 2620 1336 2696 illaesa,
1350 2622 1494 2690 immunis
1512 2637 1575 2683 ma-

849 2713 930 2774 litiae
947 2729 1020 2773 vero
1038 2709 1185 2790 inprimis,
1204 2712 1350 2774 inlabere
1371 2731 1526 2788 manuum,
1544 2716 1574 2774 in

853 2805 963 2868 sudore
979 2805 1131 2878 vultuum,
1149 2806 1326 2880 intremere
1349 2821 1494 2883 genuum,
1514 2822 1574 2866 nun

853 2899 971 2959 sinatur
987 2896 1146 2958 comedere
1163 2913 1273 2976 panem
1290 2913 1392 2976 suum,
1417 2899 1472 2959 sed
1493 2899 1574 2960 illius

853 2991 932 3051 lame
966 2989 1140 3070 repleantur
1161 2991 1241 3068 regis
1264 2989 1380 3068 horrea,
1407 2992 1488 3054 illius
1522 2993 1573 3052 siti

852 3079 1024 3144 redundent
1045 3083 1226 3159 tomularla,
1249 3084 1329 3146 illius
1351 3084 1486 3147 nuditate
1508 3103 1574 3164 per-

69 3196 148 3242 vero
163 3180 244 3242 lama
260 3177 399 3240 laborans
414 3190 473 3236 non
492 3173 641 3254 permittit
657 3187 713 3232 nos
726 3187 798 3232 con-
852 3180 929 3238 tieae
950 3176 1095 3258 fulgeant,
1117 3177 1147 3236 in
1168 3178 1280 3238 cortice
1310 3184 1471 3258 turgeant:
1493 3179 1573 3240 blius

68 3275 250 3354 quiescere,
268 3270 390 3334 infamia
413 3267 603 3348 proclamans
624 3281 680 3327 nos
697 3263 796 3343 probi·
851 3270 952 3350 iuopia
971 3269 1099 3332 calcaria
1120 3269 1314 3344 decorentur,
1336 3273 1449 3333 aeraria
1465 3289 1573 3334 cumu-

66 3369 121 3430 bet
136 3367 299 3428 conticere.
316 3362 379 3426 Nec
395 3363 494 3426 solum
515 3361 675 3424 exterioris
697 3360 794 3423 laruae
850 3363 961 3424 lentur.
984 3363 1097 3424 Verum
1115 3367 1218 3424 tamen
1240 3364 1265 3423 si
1289 3379 1344 3426 rer
1364 3359 1572 3426 tuus'tantam

65 3461 242 3522 ventositas
266 3463 405 3520 nostrum
432 3453 576 3534 implevit
597 3453 711 3525 velum,
741 3467 794 3511 no·
848 3455 957 3518 saltem
976 3455 1153 3518 observaret
1172 3454 1332 3533 justitiam,
1355 3465 1501 3537 quantam
1523 3471 1573 3520 ca·

66 3562 169 3614 stram
182 3551 347 3630 ampullam
365 3550 574 3611 volutantem:
597 3546 652 3608 sed
673 3545 794 3606 interio-
848 3551 895 3610 nis
907 3568 917 3625 ,·
938 3551 1072 3611 ut-sicut
1087 3549 1137 3612 ille
1154 3566 1321 3628 pauperum
1343 3566 1482 3612 cosensia
1506 3567 1573 3613 mu·
1693 3621 1695 3624 ,

1 3711 2 3734 ¹
68 3649 111 3708 ris
136 3643 353 3723 indignationis
369 3644 495 3722 spiritus
515 3659 554 3703 ex
575 3639 697 3721 indigna
714 3640 794 3717 regis
847 3642 931 3704 ribus
942 3650 1140 3704 conservatos
1150 3644 1194 3704 sic
1207 3643 1439 3722 isteatyrannis
1450 3647 1572 3706 minori-

1 3751 2 3786 t
66 3739 246 3804 curiositate
257 3737 564 3815 conceptusauimam
577 3739 710 3796 nostram
722 3747 793 3792 exa·
848 3736 906 3800 bus
917 3725 1114 3799 tuereturtsio
1127 3736 1176 3799 ille
1187 3753 1355 3816 pauperum
1363 3753 1571 3802 caseueamu·

68 3835 178 3906 nimai,
197 3846 251 3894 eor
270 3828 410 3901 corrodit,
429 3834 563 3888 mentem
581 3826 793 3898 demaraten
848 3831 932 3892 ribus
946 3836 1145 3891 conservatos
1159 3830 1243 3892 solus
1258 3830 1439 3905 corroderet,
1455 3833 1499 3892 sic
1513 3833 1571 3893 iste

68 3929 154 3988 sicut
176 3929 312 3984 mustum
344 3923 410 3984 sine
441 3920 590 4000 spiraculo
614 3917 792 3996 lagunculae
848 3922 1039 3984 subditorum
1061 3923 1265 3984 substantiam
1288 3922 1326 3982 ab
1346 3917 1414 3983 aliis
1435 3939 1571 4001 praeser-

70 4033 173 4082 novas
189 4015 362 4096 disrumpit,
376 4017 420 4076 sic
433 4014 515 4076 iliius
532 4013 721 4091 impetuosus
739 4010 794 4070 im-
848 4023 952 4076 vatam
984 4015 1154 4092 raptoribus
1175 4014 1370 4092 singulariter
1391 4017 1569 4092 reputaret,

68 4114 186 4194 pulsus
205 4109 413 4172 rationabilem
429 4109 575 4170 virtutem
599 4105 715 4179 vincit,
737 4105 794 4164 ira·
848 4105 1029 4168 tolerabilior
1048 4113 1132 4168 esset
1153 4105 1277 4183 injuria,
1312 4106 1410 4166 mitior
1437 4105 1568 4181 malitia,

70 4206 212 4270 scibilem
225 4204 330 4279 irritat,
341 4198 605 4280 concupiscibilem
616 4196 793 4276 cnlapbiaat.
848 4200 946 4260 minor
964 4197 1062 4277 eulpa.
1079 4199 1165 4260 Nunc
1191 4203 1294 4258 autem
1313 4197 1471 4258 residuum
1489 4197 1570 4258 lucu·

70 4299 153 4374 Quid
170 4299 258 4376 plura
274 4297 427 4376 loquimur
442 4300 476 4354 et
488 4291 713 4371 respirabimus,
724 4305 793 4350 nam
849 4299 933 4364 stae,
954 4291 1090 4354 bruchus
1110 4289 1262 4364 eomedit,
1280 4288 1438 4351 residuum
1462 4288 1568 4351 bruchi

70 4397 257 4470 conceptum
289 4405 459 4450 sermonem
484 4389 554 4464 quis
572 4386 682 4464 poterit
700 4385 795 4446 cnuti·
849 4402 959 4465 aerugo
979 4387 1142 4461 consumit,
1163 4383 1236 4445 dum
1260 4384 1340 4462 regis
1361 4382 1503 4460 reliquias
1519 4383 1570 4446 ba-

1 4469 2 4484 *
71 4481 175 4550 nere?
192 4483 218 4544 Ο
235 4481 477 4561 mors-iustitiae,
508 4495 599 4556 quam
617 4493 718 4540 amara
734 4493 797 4536 me-
847 4478 913 4557 joli,
934 4480 1078 4559 reliquias
1099 4476 1268 4555 bajulorum
1291 4477 1382 4551 iures,
1406 4476 1571 4538 imperata

72 4581 170 4643 moria
187 4583 250 4652 tua,
267 4591 359 4654 quam
374 4575 486 4637 durum
502 4579 534 4634 et
548 4587 684 4634 amarum
699 4576 749 4632 est
765 4571 795 4630 in
850 4587 900 4633 res
929 4578 961 4633 et
986 4574 1035 4634 alii
1066 4571 1242 4652 perditionis
1265 4569 1314 4629 lilii
1336 4567 1568 4648 depraedentur.

73 4674 160 4738 curia
184 4672 264 4748 regis
287 4669 432 4731 incuriam
455 4665 629 4746 regiminis,
661 4664 797 4725 velutin
848 4665 912 4748 *Nec
933 4671 977 4724 tot
999 4663 1088 4726 babet
1110 4665 1170 4724 iera
1193 4661 1328 4732 insidias,
1346 4663 1415 4722 avis
1435 4661 1568 4740 laqueos,

71 4765 376 4844 campocertaminis
397 4761 594 4838 dereliquisse
617 4768 647 4820 te
669 4759 797 4822 indelee-
852 4759 943 4840 piscis
965 4760 1079 4834 bamus,
1097 4763 1171 4836 quot
1187 4759 1250 4818 vita
1266 4773 1430 4834 pauperum
1447 4763 1570 4818 venato-

1289 4879 1345 4941 197
