3562 5582
211 111 251 175 tt

205 317 271 376 140.
292 313 371 392 (edit.
391 328 487 376 novae
503 330 569 392 pag.
590 312 666 387 406.)
681 311 802 371 Librum
821 311 919 390 ipsum

201 407 339 468 Gerberti
352 403 542 468 4144444444ἱὶ
550 401 700 466 erramus
711 401 765 478 uti,
772 404 920 482 promissa
941 453 942 456 ,

204 512 308 575 eadem
327 529 395 575 cnm
418 513 601 592 praefatione
628 507 722 585 edidit
747 496 920 568 Bernerdns

202 607 258 669 Pez
285 612 356 667 torn.
387 609 398 666 4
426 605 597 666 anecdotor.
615 609 700 682 parte
718 601 745 662 4.
764 618 831 681 pag.
849 603 916 662 149.

202 701 262 760 1144
301 701 447 777 scriptum
485 700 608 776 respicit
639 697 685 755 Fr.
722 696 916 771 benzonius,

201 809 270 854 eum
292 794 351 852 ait:

225 901 316 960 Logtca
331 909 389 948 cum
402 893 563 958 vobisquid
576 900 611 956 44,
626 891 761 954 derbem,
772 893 899 944 444414144

226 975 291 1022 14144
302 971 359 1021 orbi
372 973 426 1020 toto
435 976 461 1020 te
469 967 578 1032 praefert
588 971 683 1019 4444144
692 971 760 1019 otto.

197 1059 328 1138 Accepto
348 1057 492 1118 solutione
512 1056 548 1118 de
568 1056 683 1118 ratione
704 1056 752 1117 uli
769 1061 799 1117 44
817 1053 913 1117 rotic-

198 1151 281 1228 noli,
304 1149 449 1212 Gerbertc
468 1149 633 1212 resolutori
645 1155 717 1230 post
741 1153 914 1212 4144444444

194 1245 313 1326 placuit
327 1247 450 1305 41444444
471 1243 555 1321 dure,
578 1233 686 1308 donum
707 1241 915 1306 uidelicetlm-

195 1337 323 1416 pericle,
346 1340 424 1400 llaec
457 1341 630 1400 Benzonins
651 1337 700 1399 lib.
723 1342 735 1400 1
772 1337 915 1400 historiae

198 1447 262 1510 rap.
287 1433 324 1492 15
347 1433 375 1490 14
397 1434 480 1493 loen.
503 1435 581 1493 Petri
609 1431 758 1511 Ludewig
780 1433 915 1511 reliqniis

200 1532 339 1586 veterum
357 1529 621 1587 monumentorum
639 1533 711 1585 tom.
737 1525 788 1586 lX.
806 1543 834 1604 p.
855 1527 914 1587 449

199 1625 230 1678 44
257 1621 286 1676 14
316 1617 479 1678 1444444444
507 1619 579 1678 tom.
608 1621 619 1678 1
651 1620 786 1697 scriptor.
813 1617 923 1678 Germ.-

200 1727 265 1790 pag.
283 1709 353 1770 980.

237 1800 371 1883 Epistola
396 1801 439 1862 ud
454 1799 589 1880 8414444,
606 1799 788 1881 Episcopum
814 1802 916 1880 Urgel-

198 1899 314 1957 lensem
332 1895 390 1957 An.
407 1899 480 1959 4004
512 1906 543 1958 44
572 1895 614 1958 ad
639 1895 767 1957 odonem
793 1895 916 1975 Episco-

197 2004 270 2069 pum
292 1989 599 2052 114444444444444.
632 1989 710 2052 1004
736 1991 866 2069 scripta,
884 1991 914 2048 in

196 2083 308 2144 Baluzii
330 2082 495 2161 appendice
516 2083 552 2143 ad
575 2085 706 2144 Marcam
722 2085 914 2162 Hispanicam

196 2191 263 2255 pag.
285 2175 363 2249 957,
382 2190 449 2253 aeq.

237 2266 372 2348 Epr‘oiolo
383 2268 431 2328 ‘od
443 2265 638 2330 adelboldum
654 2268 691 2330 de
705 2283 797 2331 causa
815 2267 916 2328 diver-

199 2363 298 2422 sitatis
333 2377 471 2421 arearum
511 2363 540 2421 in
581 2362 914 2440 trigonoaeqntlntero,

196 2455 385 2516 Geometrice
415 2455 674 2533 arithmeticeqne
705 2471 850 2534 expenso.
881 2456 914 2514 ln

198 2547 310 2609 laudati
327 2549 405 2608 Pezii
422 2547 560 2609 anecdot.
577 2554 650 2608 tom.
668 2551 783 2626 sparte
800 2549 828 2610 4.
845 2565 913 2628 pag.

210 2767 213 2774 .
237 2733 405 2795 ricometriu
418 2733 516 2795 divisa
530 2733 678 2813 capitibus
692 2733 769 2810 xlv,
788 2733 826 2793 id.
845 2749 911 2812 pag.

231 2921 363 2992 Libellus
383 2919 419 2982 de
437 2935 583 3000 sunpurue
610 2924 640 2980 44
654 2935 779 3000 corpore
795 2919 915 2980 14444444

198 3014 239 3075 14.
265 3019 337 3074 tom.
367 3017 393 3074 1.
418 3019 503 3092 parte
523 3013 552 3074 4.
570 3029 635 3092 pag.
660 3013 801 3083 133-148.
820 3013 912 3092 lncip.

195 3106 276 3168 sicut
289 3111 360 3166 4444
375 3121 428 3165 444
445 3103 529 3166 drmit
550 3103 673 3184 puidam
689 3104 825 3184 8441444.
852 3105 915 3166 441-

195 3201 281 3262 derat
298 3201 352 3262 sed
372 3202 438 3260 sine
456 3201 577 3260 nomine
594 3199 727 3260 auctmis
750 3197 823 3257 444.
847 3199 915 3260 Gel-

195 3295 286 3354 lotins
311 3292 476 3372 appendice
498 3291 534 3352 44
553 3293 627 3352 11444.
645 3289 841 3352 Godsschalci
859 3292 913 3351 Pa·

195 3388 246 3446 ris.
265 3386 363 3460 4646,
382 3384 552 3445 44441446
579 3383 759 3444 llElllGEltl
787 3383 912 3444 Abbatls

195 3478 372 3555 Laubiensis
395 3478 515 3536 nomine
540 3476 727 3537 blabillontus
750 3476 910 3555 prolegom.

195 3568 945 3649 adpmtAESccllimrodiotinSedexfide¹

194 3663 410 3736 Gottwicensis
434 3658 574 3738 Codicis,
597 3660 741 3722 Gerberto
762 3677 832 3722 eum
859 3663 911 3721 Pe·
946 3741 950 3752 ῃ

199 3757 265 3816 zius
282 3756 424 3815 restituit.
461 3789 464 3796 ,
574 3791 578 3802 ·

211 3849 310 3909 ⁴rictu
330 3845 444 3929 Spaorli
461 3847 612 3909 4144444444
638 3847 695 3908 44.
720 3847 800 3915 994,
831 3847 910 3926 apud

194 3944 419 4007 Centuriatcres
436 3942 570 4022 blagdeb.
587 3941 732 4003 Centurio
747 3942 785 4000 Χ.
799 3955 865 4018 cap.
881 3941 910 4000 9.

193 4053 259 4118 pag.
276 4035 337 4096 416
349 4042 519 4114 oppugnata
533 4035 687 4096 aBaronio
698 4031 734 4093 ad
748 4032 832 4093 illum
849 4031 911 4091 An-

193 4145 266 4191 num
284 4129 510 4206 nnm.9,seq.

233 4219 911 4301 SermoapologeticusinCcacilioHermastus

191 4316 249 4376 dn.
265 4317 324 4376 996
341 4315 441 4376 editus
458 4319 486 4375 in
506 4313 907 4376 ,444441111441144441114414

782 109 1119 171 41Ε141114114118
1438 159 1440 162 ,

194 220 369 301 repigret·
382 239 403 280 c
418 235 449 282 44
467 217 662 306 illustratum.
690 217 727 278 id.
750 226 823 278 tom.
847 221 874 279 4.
891 237 921 298 p.
977 219 1173 299 burgensium
1185 219 1276 279 Duc'is
1291 217 1373 279 libris
1385 219 1432 297 lV,
1448 221 1484 284 de
1500 221 1567 284 1444
1577 221 1676 283 84144-

977 312 1115 374 chorum.

1018 403 1084 466 Vtra
1100 409 1130 465 44
1140 404 1244 488 petalo
1256 406 1289 468 S.
1300 402 1457 466 adalbero·
1467 405 1575 482 Ursini,
1587 408 1642 468 Gor

973 500 1014 558 tis
1029 498 1240 576 Rosembergi,
1258 499 1414 578 pragensis
1430 501 1585 577 Episcopi,
1601 499 1620 550 s
1698 483 1741 588 ὲ

972 593 1072 652 444414
1093 591 1314 671 archiepiscopi
1330 599 1362 651 et
1378 590 1434 652 An.
1451 593 1588 652 964144
1692 567 1719 610 “

973 685 1562 764 6444444444114444444444,1441444444

973 795 1076 840 sorum
1091 778 1236 858 Apostoli,
1248 777 1328 838 edita
1340 779 1377 839 ab
1389 777 1534 838 Abraham

972 889 1010 933 ex
1032 872 1140 936 Codice
1162 873 1318 934 Casinensi
1337 871 1422 932 lionr.
1442 871 1510 932 164ί

969 983 1040 1028 cum
1070 965 1227 1043 sylvestro
1244 965 1280 1025 44.
1300 965 1404 1027 Caesio
1421 963 1476 1042 nqv

969 1061 1017 1139 gia
1033 1064 1064 1119 44
1085 1060 1151 1120 aliis
1177 1060 1343 1122 calumniis
1362 1058 1473 1119 vindic.

970 1151 1135 1230 appendice
1144 1152 1181 1212 ad
1198 1158 1314 1213 tomum
1332 1153 1399 1213 XX.
1412 1151 1519 1212 44444.

971 1245 1062 1322 4614,
1081 1245 1128 1306 iol.
1146 1246 1292 1325 Georgius
1309 1261 1379 1306 vero
1398 1245 1566 1306 tlenschen.
1683 1214 1722 1334 ,ζ

970 1337 1096 1399 eandem
1119 1339 1217 1399 Vitam
1238 1337 1331 1398 edidit
1351 1355 1388 1399 ex
1408 1337 1515 1400 codice
1542 1339 1627 1415 Prag.
1722 1330 1748 1394 4

970 1433 1000 1492 14
1019 1432 1103 1493 44114
1120 1433 1256 1494 8444444.
1278 1437 1350 1492 tom.
1374 1433 1402 1492 9.
1428 1430 1519 1510 April.
1544 1431 1593 1492 441.
1619 1445 1677 1508 pag.
1764 1423 1765 1426 ’

973 1523 1039 1585 178.
1056 1523 1192 1586 Gerberti
1208 1541 1276 1586 eam
1293 1541 1362 1585 esse
1385 1529 1494 1604 negat,
1510 1537 1676 1602 quanquam

971 1619 1087 1678 monitu
1113 1617 1249 1696 eiusdem
1277 1619 1419 1696 scriptam
1444 1618 1533 1695 eique
1550 1615 1679 1676 44444444

971 1725 1029 1770 non
1048 1708 1194 1770 diffitetur
1211 1727 1228 1770 a
1246 1710 1392 1770 monacho
1407 1709 1537 1790 quodam
1554 1708 1608 1770 88.
1629 1709 1679 1767 444

970 1803 1068 1864 nilacii
1085 1811 1116 1864 et
1141 1804 1246 1864 Alerii.
1264 1803 1378 1864 Eadem
1400 1801 1540 1865 Bohnslai
1566 1801 1675 1862 Balbini

969 1902 1017 1956 est
1033 1899 1205 1976 sententia,
1220 1899 1270 1976 qni
1288 1895 1367 1958 harre
1385 1897 1477 1958 vitam
1495 1898 1525 1955 in
1544 1893 1678 1956 Bohemia

970 1997 1074 2050 sancta
1089 1989 1247 2068 legendam
1265 1991 1359 2050 411444.
1377 1989 1480 2050 decad.
1510 1992 1535 2050 4.
1565 1986 1679 2050 11144411.

970 2083 1078 2142 ilistor.
1098 2083 1181 2161 regni
1198 2082 1358 2143 Boherniae
1374 2083 1448 2142 libro
1465 2089 1584 2161 quarto.
1596 2129 1599 2136 ,
1612 2081 1677 2141 i’ra·

969 2192 1023 2254 gae
1046 2176 1213 2252 4684,441.
1232 2175 1302 2236 Sine
1320 2178 1439 2236 nomino
1463 2177 1595 2238 auctoris
1616 2173 1680 2236 rul-

969 2271 1053 2346 gavit
1068 2271 1159 2330 etiarn
1178 2269 1317 2331 canisius
1334 2277 1407 2329 tom.
1421 2269 1456 2343 V,
1469 2277 1553 2349 parte
1575 2269 1604 2330 4.
1625 2267 1681 2328 44-

971 2364 1024 2441 tiq.
1042 2365 1123 2422 Lect.
1141 2379 1208 2441 pag.
1226 2361 1294 2424 334.
1314 2361 1384 2440 (edit
1399 2377 1493 2423 novae
1509 2370 1531 2422 t.
1545 2361 1574 2422 3.
1588 2379 1616 2440 p
1628 2361 1681 2430 141

1010 2453 1242 2516 Dorlscoalicbnn
1252 2457 1281 2514 in
1292 2456 1410 2516 laudem
1422 2454 1564 2517 Severini
1575 2449 1683 2514 84441444

969 2546 1049 2627 apud
1065 2549 1225 2608 baronium
1247 2548 1284 2608 ad
1306 2548 1428 2609 Annum
1449 2549 1509 2609 546
1528 2565 1557 2608 4.
1578 2547 1625 2608 48.

1010 2641 1068 2702 Sed
1084 2657 1174 2719 quam
1194 2640 1271 2700 idern
1302 2648 1448 2702 memoret
1472 2641 1619 2702 baronius
1645 2636 1680 2697 ad

969 2733 1026 2796 An.
1045 2735 1113 2796 994.
1132 2752 1161 2793 4.
1183 2735 1212 2794 9.
1238 2731 1468 2795 Altcrcutionem
1495 2751 1565 2795 cum
1590 2735 1678 2793 44444

968 2828 1077 2888 nuncio
1100 2830 1200 2908 Papae
1215 2825 1360 2910 lobannis
1377 2827 1437 2902 llV,
1453 2827 1589 2889 nondum
1607 2825 1682 2886 edita

967 2921 1110 2999 estquod
1128 2923 1220 2982 sciam
1233 2941 1240 2980 :
1253 2923 1297 2982 uti
1316 2937 1371 2982 nec
1388 2921 1462 2981 liber
1484 2920 1520 2982 de
1549 2917 1685 2982 44444444-

967 3031 1005 3074 44
1020 3057 1027 3088 ,
1045 3019 1097 3074 444
1117 3013 1262 3092 quamde
1287 3012 1491 3094 compositione
1516 3007 1687 3074 astrolabii
1725 3067 1731 3074 .

968 3108 1137 3185 composuit
1153 3111 1232 3166 teste
1252 3105 1403 3168 Ludorico
1427 3105 1533 3167 lacobo
1565 3125 1596 3186 p.
1618 3103 1685 3165 444.

967 3197 1042 3259 Bibl.
1056 3199 1235 3258 Pontificiae.
1251 3199 1294 3258 De
1305 3198 1405 3259 studio
1418 3199 1615 3260 scientiarum
1629 3198 1685 3259 lla-

969 3291 1222 3352 themathicurum
1240 3307 1301 3368 quo
1317 3291 1483 3352 Gerbertns
1498 3309 1552 3370 pro
1572 3293 1623 3352 4114
1639 3307 1686 3350 aa

966 3390 1028 3444 tate
1045 3383 1081 3444 ad
1105 3385 1295 3466 miraculum
1306 3385 1436 3446 effloruit
1451 3429 1457 3460 ,
1474 3387 1560 3445 ioan.
1583 3383 1687 3444 waltt-

967 3480 1031 3540 sius
1046 3494 1112 3556 cap.
1131 3479 1157 3538 4.
1185 3479 1330 3557 Algebrae
1352 3495 1424 3540 suae
1455 3484 1530 3538 torn.
1552 3481 1582 3541 4.
1612 3477 1685 3555 Opp·
1755 3541 1764 3554 ,

965 3563 1032 3651 pag.
1056 3573 1102 3646 46,
1121 3587 1184 3648 seq.
1199 3571 1250 3633 ubi
1264 3574 1354 3632 etiarn
1373 3571 1411 3632 44
1428 3572 1508 3632 411444
1521 3569 1627 3631 Adoro
1641 3577 1685 3630 at·

966 3681 1025 3742 que
1041 3657 1244 3742 Alporptlrmo,
1262 3665 1327 3725 sive
1345 3664 1418 3725 libro
1432 3663 1468 3724 dc
1489 3678 1688 3724 numerorum

966 3755 1110 3819 4444144444
1126 3775 1217 3836 qnem
1236 3759 1356 3837 scripsit
1373 3761 1512 3837 blagistro
1529 3760 1560 3818 in
1581 3759 1685 3836 Hispa·

966 3852 1016 3910 nia
1039 3851 1297 3912 4444108144110
1316 3853 1473 3930 sapiente,
1494 3853 1596 3928 quiet
1622 3853 1686 3928 ipse

965 3941 1100 4006 libellum
1134 3943 1172 4003 de
1205 3944 1453 4024 multiplicatione
1477 3949 1509 4004 et
1533 3942 1686 4004 divisione

965 4042 1185 4114 composuerat.
1218 4039 1260 4098 De
1292 4036 1397 4097 eodem
1424 4037 1568 4097 Gerberto
1599 4037 1687 4114 plura

964 4127 1134 4189 Guilelmus
1149 4129 1339 4191 Malmesbur.
1358 4131 1407 4191 lib.
1425 4129 1530 4190 414144.
1557 4128 1684 4207 Angtor.

964 4239 992 4300 p.
1009 4221 1058 4280 61.
1074 4221 1122 4280 45.
1138 4221 1188 4282 ubi
1205 4222 1285 4284 inter
1299 4225 1373 4286 alia:
1389 4221 1602 4283 4441444144444
1618 4223 1688 4282 rto

964 4314 1112 4374 lemaeum
1135 4312 1167 4374 in
1193 4314 1384 4391 Astrolodro,
1416 4315 1577 4378 Alkindum
1603 4315 1632 4391 41
1654 4313 1686 4373 in

192 4405 345 4466 (tentoriis
360 4405 549 4484 tlagdeborg.
564 4411 637 4464 tom.
652 4405 685 4464 3.
700 4421 727 4482 p.
745 4399 804 4463 479
827 4400 905 4481 apud
962 4405 1129 4468 latrorum
1144 4403 1325 4490 interstitio,
1342 4399 1454 4471 1411444
1469 4409 1636 4470 Firmicum
1655 4408 1688 4466 r'u

191 4495 297 4553 Baron.
314 4492 351 4552 ad
368 4493 568 4556 4444449944
582 4500 682 4572 atque
696 4489 817 4553 ineditis
839 4505 907 4569 per-

190 4601 293 4664 peram
309 4601 325 4646 4
337 4589 599 4663 praestantissimo
613 4589 713 4649 caveo
724 4584 904 4645 accensitus.

231 4675 495 4757 llbptlrrnomocltio
510 4679 590 4740 edita
609 4681 724 4759 Lipsiae
740 4676 838 4752 4646,
856 4677 904 4738 lol.

190 4785 260 4832 cum
288 4771 449 4850 gloriosiss.
478 4773 622 4850 Principis
646 4773 787 4850 Augusti,
809 4774 904 4834 Luna·

1002 4567 1030 4630 b)
1046 4571 1113 4620 44444
1130 4567 1246 4630 apologia
1259 4579 1304 4630 pro
1317 4567 1440 4629 spiratus
1454 4569 1484 4615 11.
1505 4575 1595 4617 recusa
1610 4567 1688 4616 1444.

958 4640 1029 4694 4676.
1046 4641 1088 4693 tol.
1106 4641 1167 4693 44414
1181 4641 1360 4704 premerldes
1378 4640 1535 4691 eruditorum
1553 4641 1691 4688 Paneion·

957 4729 997 4768 sco
1013 4717 1155 4768 4111444441
1170 4727 1228 4778 pag.
1245 4713 1301 4766 oet.

1001 4791 1028 4852 ι)
1045 4793 1082 4842 144
1096 4791 1151 4855 tege
1167 4801 1225 4840 eum
1240 4790 1351 4841 wollino
1368 4803 1413 4852 pro
1431 4790 1625 4843 areanorum.-
