<?xml version="1.0" encoding="UTF-8"?>
<!DOCTYPE html PUBLIC "-//W3C//DTD XHTML 1.0 Transitional//EN"
    "http://www.w3.org/TR/xhtml1/DTD/xhtml1-transitional.dtd">
<html xmlns="http://www.w3.org/1999/xhtml" xml:lang="en" lang="en">
 <head>
  <title>
</title>
<meta http-equiv="Content-Type" content="text/html;charset=utf-8" />
  <meta name='ocr-system' content='tesseract 3.04.00' />
  <meta name='ocr-capabilities' content='ocr_page ocr_carea ocr_par ocr_line ocrx_word'/>
</head>
<body>
  <div class='ocr_page' id='page_1' title='image "./bibliothecalati00schgoog/bibliothecalati00schgoog_0531.png"; bbox 0 0 3608 5604; ppageno 0'>
   <div class='ocr_carea' id='block_1_1' title="bbox 227 44 1034 109">
    <p class='ocr_par' dir='ltr' id='par_1_1' title="bbox 227 44 1034 109">
     <span class='ocr_line' id='line_1_1' title="bbox 227 44 1034 109; baseline -0.001 0"><span class='ocrx_word' id='word_1_1' title='bbox 227 45 288 109; x_wconf 83' lang='grc'><strong>5140</strong></span> <span class='ocrx_word' id='word_1_2' title='bbox 491 63 497 72; x_wconf 94' lang='grc'><strong><em>·</em></strong></span> <span class='ocrx_word' id='word_1_3' title='bbox 926 44 1034 109; x_wconf 85' lang='lat' dir='ltr'>LEO</span> 
     </span>
    </p>
   </div>
   <div class='ocr_carea' id='block_1_2' title="bbox 227 146 1682 424">
    <p class='ocr_par' dir='ltr' id='par_1_2' title="bbox 227 146 1682 424">
     <span class='ocr_line' id='line_1_2' title="bbox 229 146 1682 242; baseline 0.006 -30"><span class='ocrx_word' id='word_1_4' title='bbox 229 148 372 212; x_wconf 85' lang='grc'><strong>44444414</strong></span> <span class='ocrx_word' id='word_1_5' title='bbox 389 146 546 211; x_wconf 81' lang='lat' dir='ltr'>oblationis</span> <span class='ocrx_word' id='word_1_6' title='bbox 567 165 626 226; x_wconf 88' lang='lat' dir='ltr'>quo</span> <span class='ocrx_word' id='word_1_7' title='bbox 649 149 726 212; x_wconf 90' lang='lat' dir='ltr'>bona</span> <span class='ocrx_word' id='word_1_8' title='bbox 743 165 799 211; x_wconf 89' lang='lat' dir='ltr'>sua</span> <span class='ocrx_word' id='word_1_9' title='bbox 814 152 949 213; x_wconf 93' lang='lat' dir='ltr'>immobi-</span> <span class='ocrx_word' id='word_1_10' title='bbox 1005 155 1126 217; x_wconf 91' lang='lat' dir='ltr'>dierunt</span> <span class='ocrx_word' id='word_1_11' title='bbox 1145 155 1272 218; x_wconf 86' lang='lat' dir='ltr'>dedicati</span> <span class='ocrx_word' id='word_1_12' title='bbox 1295 155 1420 220; x_wconf 83' lang='lat' dir='ltr'>ilenrico</span> <span class='ocrx_word' id='word_1_13' title='bbox 1442 159 1540 220; x_wconf 86' lang='lat' dir='ltr'>Ursino</span> <span class='ocrx_word' id='word_1_14' title='bbox 1560 162 1682 242; x_wconf 85' lang='lat' dir='ltr'>Principi,</span> 
     </span>
     <span class='ocr_line' id='line_1_3' title="bbox 228 241 1680 320; baseline 0.007 -14"><span class='ocrx_word' id='word_1_15' title='bbox 228 247 267 306; x_wconf 90' lang='lat' dir='ltr'>lia</span> <span class='ocrx_word' id='word_1_16' title='bbox 289 241 412 304; x_wconf 78' lang='lat' dir='ltr'>tradidit</span> <span class='ocrx_word' id='word_1_17' title='bbox 432 245 612 306; x_wconf 88' lang='lat' dir='ltr'>llonastorio</span> <span class='ocrx_word' id='word_1_18' title='bbox 642 243 821 320; x_wconf 75' lang='lat' dir='ltr'>(lesinensi,</span> <span class='ocrx_word' id='word_1_19' title='bbox 844 246 951 307; x_wconf 88' lang='lat' dir='ltr'>viden·</span> <span class='ocrx_word' id='word_1_20' title='bbox 1005 250 1139 310; x_wconf 80' lang='lat' dir='ltr'>venetiis</span> <span class='ocrx_word' id='word_1_21' title='bbox 1161 251 1238 312; x_wconf 84' lang='grc'><strong>4544</strong></span> <span class='ocrx_word' id='word_1_22' title='bbox 1260 258 1291 311; x_wconf 85' lang='grc'>44</span> <span class='ocrx_word' id='word_1_23' title='bbox 1313 251 1389 312; x_wconf 84' lang='grc'><strong>4504</strong></span> <span class='ocrx_word' id='word_1_24' title='bbox 1410 251 1457 311; x_wconf 93' lang='grc'><strong>444.</strong></span> <span class='ocrx_word' id='word_1_25' title='bbox 1476 259 1506 312; x_wconf 88' lang='grc'>44</span> <span class='ocrx_word' id='word_1_26' title='bbox 1525 255 1551 312; x_wconf 91' lang='grc'>44</span> <span class='ocrx_word' id='word_1_27' title='bbox 1567 253 1680 316; x_wconf 77' lang='lat' dir='ltr'><strong>Andreae</strong></span> 
     </span>
     <span class='ocr_line' id='line_1_4' title="bbox 227 337 1681 424; baseline 0.005 -24"><span class='ocrx_word' id='word_1_28' title='bbox 227 340 287 401; x_wconf 87' lang='lat' dir='ltr'>dus</span> <span class='ocrx_word' id='word_1_29' title='bbox 308 340 366 397; x_wconf 85' lang='lat' dir='ltr'>Leo</span> <span class='ocrx_word' id='word_1_30' title='bbox 387 338 539 398; x_wconf 80' lang='lat' dir='ltr'>Ostiensis</span> <span class='ocrx_word' id='word_1_31' title='bbox 560 337 611 396; x_wconf 92' lang='lat' dir='ltr'>lib.</span> <span class='ocrx_word' id='word_1_32' title='bbox 631 339 660 397; x_wconf 91' lang='lat' dir='ltr'>l.</span> <span class='ocrx_word' id='word_1_33' title='bbox 681 353 746 416; x_wconf 90' lang='lat' dir='ltr'>cap.</span> <span class='ocrx_word' id='word_1_34' title='bbox 770 340 818 399; x_wconf 87' lang='grc'>40.</span> <span class='ocrx_word' id='word_1_35' title='bbox 1005 341 1120 424; x_wconf 84' lang='lat' dir='ltr'>Schotti</span> <span class='ocrx_word' id='word_1_36' title='bbox 1144 344 1227 404; x_wconf 90' lang='lat' dir='ltr'>ltalia</span> <span class='ocrx_word' id='word_1_37' title='bbox 1246 342 1681 418; x_wconf 77' lang='grc'><strong>4144444444,4444444.4400441.</strong></span> 
     </span>
    </p>
   </div>
   <div class='ocr_carea' id='block_1_3' title="bbox 270 429 1682 505">
    <p class='ocr_par' dir='ltr' id='par_1_3' title="bbox 270 429 1682 505">
     <span class='ocr_line' id='line_1_5' title="bbox 270 429 1682 505; baseline 0.006 -13"><span class='ocrx_word' id='word_1_38' title='bbox 270 429 315 492; x_wconf 80' lang='grc'>44</span> <span class='ocrx_word' id='word_1_39' title='bbox 336 430 513 489; x_wconf 76' lang='grc'><strong>44444444</strong></span> <span class='ocrx_word' id='word_1_40' title='bbox 534 429 684 505; x_wconf 79' lang='lat' dir='ltr'>Ostiensi,</span> <span class='ocrx_word' id='word_1_41' title='bbox 707 433 814 492; x_wconf 86' lang='lat' dir='ltr'>Petrus</span> <span class='ocrx_word' id='word_1_42' title='bbox 846 433 951 492; x_wconf 83' lang='lat' dir='ltr'>iliaco·</span> <span class='ocrx_word' id='word_1_43' title='bbox 1005 442 1036 494; x_wconf 90' lang='lat' dir='ltr'>et</span> <span class='ocrx_word' id='word_1_44' title='bbox 1059 436 1087 493; x_wconf 92' lang='lat' dir='ltr'>in</span> <span class='ocrx_word' id='word_1_45' title='bbox 1106 442 1187 496; x_wconf 91' lang='lat' dir='ltr'>tomo</span> <span class='ocrx_word' id='word_1_46' title='bbox 1210 451 1287 496; x_wconf 95' lang='lat' dir='ltr'>nono</span> <span class='ocrx_word' id='word_1_47' title='bbox 1308 436 1438 499; x_wconf 76' lang='lat' dir='ltr'>thesauri</span> <span class='ocrx_word' id='word_1_48' title='bbox 1457 438 1544 498; x_wconf 87' lang='grc'><strong>4441444</strong></span> <span class='ocrx_word' id='word_1_49' title='bbox 1560 440 1682 500; x_wconf 87' lang='lat' dir='ltr'>Burman</span> 
     </span>
    </p>
   </div>
   <div class='ocr_carea' id='block_1_4' title="bbox 229 523 1685 701">
    <p class='ocr_par' dir='ltr' id='par_1_4' title="bbox 229 523 1685 701">
     <span class='ocr_line' id='line_1_6' title="bbox 230 523 1684 609; baseline 0.006 -25"><span class='ocrx_word' id='word_1_50' title='bbox 230 541 289 590; x_wconf 91' lang='lat' dir='ltr'>nus</span> <span class='ocrx_word' id='word_1_51' title='bbox 310 539 375 600; x_wconf 92' lang='lat' dir='ltr'>cap.</span> <span class='ocrx_word' id='word_1_52' title='bbox 394 523 442 582; x_wconf 88' lang='grc'><strong>34.</strong></span> <span class='ocrx_word' id='word_1_53' title='bbox 461 524 600 601; x_wconf 83' lang='lat' dir='ltr'>scriptor.</span> <span class='ocrx_word' id='word_1_54' title='bbox 612 523 722 584; x_wconf 90' lang='lat' dir='ltr'>illustr.</span> <span class='ocrx_word' id='word_1_55' title='bbox 740 525 950 585; x_wconf 87' lang='lat' dir='ltr'>Casinonsium</span> <span class='ocrx_word' id='word_1_56' title='bbox 1007 529 1107 604; x_wconf 88' lang='lat' dir='ltr'>oiuni,</span> <span class='ocrx_word' id='word_1_57' title='bbox 1130 535 1213 607; x_wconf 91' lang='lat' dir='ltr'>parte</span> <span class='ocrx_word' id='word_1_58' title='bbox 1234 529 1281 589; x_wconf 93' lang='lat' dir='ltr'>lV.</span> <span class='ocrx_word' id='word_1_59' title='bbox 1300 531 1342 590; x_wconf 85' lang='lat' dir='ltr'>lle</span> <span class='ocrx_word' id='word_1_60' title='bbox 1360 533 1482 590; x_wconf 87' lang='lat' dir='ltr'>caeteris</span> <span class='ocrx_word' id='word_1_61' title='bbox 1498 529 1581 609; x_wconf 75' lang='lat' dir='ltr'>huius</span> <span class='ocrx_word' id='word_1_62' title='bbox 1598 533 1684 592; x_wconf 84' lang='lat' dir='ltr'>Leonis</span> 
     </span>
     <span class='ocr_line' id='line_1_7' title="bbox 229 614 1685 701; baseline 0.006 -25"><span class='ocrx_word' id='word_1_63' title='bbox 229 617 389 696; x_wconf 87' lang='lat' dir='ltr'>diligenter</span> <span class='ocrx_word' id='word_1_64' title='bbox 405 614 566 694; x_wconf 85' lang='lat' dir='ltr'>distinguit</span> <span class='ocrx_word' id='word_1_65' title='bbox 583 617 738 679; x_wconf 83' lang='lat' dir='ltr'>LEONEll</span> <span class='ocrx_word' id='word_1_66' title='bbox 758 614 952 679; x_wconf 85' lang='lat' dir='ltr'>Cordinolenr</span> <span class='ocrx_word' id='word_1_67' title='bbox 1006 623 1128 699; x_wconf 89' lang='lat' dir='ltr'>scriptis</span> <span class='ocrx_word' id='word_1_68' title='bbox 1148 620 1270 682; x_wconf 80' lang='lat' dir='ltr'>Medicis</span> <span class='ocrx_word' id='word_1_69' title='bbox 1299 638 1334 684; x_wconf 90' lang='grc'>44</span> <span class='ocrx_word' id='word_1_70' title='bbox 1365 622 1574 701; x_wconf 88' lang='lat' dir='ltr'>Philosophicis.</span> <span class='ocrx_word' id='word_1_71' title='bbox 1607 623 1685 695; x_wconf 88' lang='grc'><strong>0444-</strong></span> 
     </span>
    </p>
   </div>
   <div class='ocr_carea' id='block_1_5' title="bbox 230 709 1685 1071">
    <p class='ocr_par' dir='ltr' id='par_1_5' title="bbox 230 709 1685 1071">
     <span class='ocr_line' id='line_1_8' title="bbox 230 709 1685 793; baseline 0.003 -22"><span class='ocrx_word' id='word_1_72' title='bbox 230 711 398 772; x_wconf 81' lang='lat' dir='ltr'>Diaconum</span> <span class='ocrx_word' id='word_1_73' title='bbox 412 753 419 784; x_wconf 94' lang='lat'>,</span> <span class='ocrx_word' id='word_1_74' title='bbox 431 709 609 771; x_wconf 81' lang='lat' dir='ltr'>Monachum</span> <span class='ocrx_word' id='word_1_75' title='bbox 628 711 827 770; x_wconf 86' lang='lat' dir='ltr'>Caslnensem</span> <span class='ocrx_word' id='word_1_76' title='bbox 843 727 950 786; x_wconf 82' lang='lat' dir='ltr'>,quem</span> <span class='ocrx_word' id='word_1_77' title='bbox 1006 715 1138 774; x_wconf 85' lang='lat' dir='ltr'>etionum</span> <span class='ocrx_word' id='word_1_78' title='bbox 1160 731 1258 793; x_wconf 86' lang='lat' dir='ltr'>opere,</span> <span class='ocrx_word' id='word_1_79' title='bbox 1281 716 1418 776; x_wconf 84' lang='lat' dir='ltr'>versione</span> <span class='ocrx_word' id='word_1_80' title='bbox 1432 714 1554 776; x_wconf 82' lang='lat' dir='ltr'>dctuarii</span> <span class='ocrx_word' id='word_1_81' title='bbox 1570 721 1598 776; x_wconf 87' lang='lat' dir='ltr'>et</span> <span class='ocrx_word' id='word_1_82' title='bbox 1613 717 1685 777; x_wconf 89' lang='lat' dir='ltr'>libelli</span> 
     </span>
     <span class='ocr_line' id='line_1_9' title="bbox 230 801 1685 886; baseline 0.002 -21"><span class='ocrx_word' id='word_1_83' title='bbox 230 806 380 882; x_wconf 90' lang='lat' dir='ltr'>insignem</span> <span class='ocrx_word' id='word_1_84' title='bbox 393 801 493 863; x_wconf 90' lang='lat' dir='ltr'>studio</span> <span class='ocrx_word' id='word_1_85' title='bbox 506 809 537 862; x_wconf 91' lang='lat' dir='ltr'>et</span> <span class='ocrx_word' id='word_1_86' title='bbox 548 803 720 880; x_wconf 90' lang='lat' dir='ltr'>eloquentia</span> <span class='ocrx_word' id='word_1_87' title='bbox 739 809 869 864; x_wconf 87' lang='lat' dir='ltr'>testatur</span> <span class='ocrx_word' id='word_1_88' title='bbox 881 806 954 864; x_wconf 90' lang='lat' dir='ltr'>scri-</span> <span class='ocrx_word' id='word_1_89' title='bbox 1005 805 1176 866; x_wconf 80' lang='lat' dir='ltr'>Aristotelis</span> <span class='ocrx_word' id='word_1_90' title='bbox 1186 805 1224 866; x_wconf 93' lang='lat' dir='ltr'>de</span> <span class='ocrx_word' id='word_1_91' title='bbox 1235 808 1406 881; x_wconf 88' lang='lat' dir='ltr'>virtutibus,</span> <span class='ocrx_word' id='word_1_92' title='bbox 1416 808 1596 886; x_wconf 80' lang='lat' dir='ltr'>castigatione</span> <span class='ocrx_word' id='word_1_93' title='bbox 1609 808 1685 868; x_wconf 75' lang='lat' dir='ltr'>lver-</span> 
     </span>
     <span class='ocr_line' id='line_1_10' title="bbox 230 895 1683 978; baseline 0.001 -20"><span class='ocrx_word' id='word_1_94' title='bbox 230 899 330 977; x_wconf 85' lang='lat' dir='ltr'>psisse</span> <span class='ocrx_word' id='word_1_95' title='bbox 352 914 390 956; x_wconf 86' lang='lat' dir='ltr'>err</span> <span class='ocrx_word' id='word_1_96' title='bbox 423 898 544 956; x_wconf 89' lang='lat' dir='ltr'>nomine</span> <span class='ocrx_word' id='word_1_97' title='bbox 567 895 705 957; x_wconf 80' lang='lat' dir='ltr'>UltllllNl</span> <span class='ocrx_word' id='word_1_98' title='bbox 736 898 953 977; x_wconf 88' lang='lat' dir='ltr'>quamplures</span> <span class='ocrx_word' id='word_1_99' title='bbox 1006 899 1085 972; x_wconf 90' lang='lat' dir='ltr'>rois,</span> <span class='ocrx_word' id='word_1_100' title='bbox 1106 898 1221 978; x_wconf 87' lang='lat' dir='ltr'>dialogo</span> <span class='ocrx_word' id='word_1_101' title='bbox 1248 897 1285 960; x_wconf 87' lang='lat' dir='ltr'>de</span> <span class='ocrx_word' id='word_1_102' title='bbox 1309 899 1461 961; x_wconf 82' lang='lat' dir='ltr'>Nobilitate</span> <span class='ocrx_word' id='word_1_103' title='bbox 1489 917 1599 974; x_wconf 88' lang='lat' dir='ltr'>rerum,</span> <span class='ocrx_word' id='word_1_104' title='bbox 1627 899 1683 960; x_wconf 89' lang='lat' dir='ltr'>vide</span> 
     </span>
     <span class='ocr_line' id='line_1_11' title="bbox 232 988 1685 1071; baseline 0.001 -21"><span class='ocrx_word' id='word_1_105' title='bbox 232 988 404 1069; x_wconf 75' lang='lat' dir='ltr'>Epistulas,</span> <span class='ocrx_word' id='word_1_106' title='bbox 422 990 529 1050; x_wconf 85' lang='lat' dir='ltr'>iecisse</span> <span class='ocrx_word' id='word_1_107' title='bbox 547 996 578 1049; x_wconf 90' lang='lat' dir='ltr'>et</span> <span class='ocrx_word' id='word_1_108' title='bbox 595 989 766 1068; x_wconf 76' lang='lat' dir='ltr'>Registrurn</span> <span class='ocrx_word' id='word_1_109' title='bbox 782 989 859 1068; x_wconf 83' lang='lat' dir='ltr'>ejus.</span> <span class='ocrx_word' id='word_1_110' title='bbox 878 991 954 1050; x_wconf 86' lang='grc'><strong>144444</strong></span> <span class='ocrx_word' id='word_1_111' title='bbox 1008 992 1170 1054; x_wconf 87' lang='lat' dir='ltr'>Simlerum</span> <span class='ocrx_word' id='word_1_112' title='bbox 1191 1000 1223 1052; x_wconf 90' lang='lat' dir='ltr'>et</span> <span class='ocrx_word' id='word_1_113' title='bbox 1242 991 1342 1053; x_wconf 84' lang='lat' dir='ltr'>lacobi</span> <span class='ocrx_word' id='word_1_114' title='bbox 1369 991 1470 1053; x_wconf 89' lang='lat' dir='ltr'>Gaddii</span> <span class='ocrx_word' id='word_1_115' title='bbox 1492 999 1512 1052; x_wconf 89' lang='lat' dir='ltr'>t.</span> <span class='ocrx_word' id='word_1_116' title='bbox 1533 996 1568 1066; x_wconf 90' lang='grc'>4,</span> <span class='ocrx_word' id='word_1_117' title='bbox 1586 1010 1611 1071; x_wconf 95' lang='lat' dir='ltr'>p.</span> <span class='ocrx_word' id='word_1_118' title='bbox 1628 993 1685 1052; x_wconf 81' lang='grc'><strong>474.</strong></span> 
     </span>
    </p>
   </div>
   <div class='ocr_carea' id='block_1_6' title="bbox 234 1071 1687 1254">
    <p class='ocr_par' dir='ltr' id='par_1_6' title="bbox 234 1071 1687 1254">
     <span class='ocr_line' id='line_1_12' title="bbox 234 1071 1687 1161; baseline -0.001 -15"><span class='ocrx_word' id='word_1_119' title='bbox 234 1087 313 1146; x_wconf 84' lang='grc' dir='ltr'><strong>Ρ4444</strong></span> <span class='ocrx_word' id='word_1_120' title='bbox 336 1085 621 1144; x_wconf 89' lang='lat' dir='ltr'>testimoniotutius</span> <span class='ocrx_word' id='word_1_121' title='bbox 642 1085 668 1158; x_wconf 89' lang='grc'>4)</span> <span class='ocrx_word' id='word_1_122' title='bbox 689 1083 843 1158; x_wconf 87' lang='lat' dir='ltr'>creditur,</span> <span class='ocrx_word' id='word_1_123' title='bbox 861 1099 953 1161; x_wconf 90' lang='lat' dir='ltr'>quam</span> <span class='ocrx_word' id='word_1_124' title='bbox 1050 1084 1123 1145; x_wconf 86' lang='lat' dir='ltr'>LEO</span> <span class='ocrx_word' id='word_1_125' title='bbox 1146 1083 1290 1147; x_wconf 72' lang='lat' dir='ltr'>Ostiensis</span> <span class='ocrx_word' id='word_1_126' title='bbox 1311 1085 1387 1146; x_wconf 91' lang='lat' dir='ltr'>idem</span> <span class='ocrx_word' id='word_1_127' title='bbox 1409 1103 1475 1146; x_wconf 89' lang='lat' dir='ltr'>cum</span> <span class='ocrx_word' id='word_1_128' title='bbox 1498 1086 1582 1146; x_wconf 81' lang='lat' dir='ltr'>Leone</span> <span class='ocrx_word' id='word_1_129' title='bbox 1599 1071 1687 1145; x_wconf 87' lang='grc'><strong>414444</strong></span> 
     </span>
     <span class='ocr_line' id='line_1_13' title="bbox 234 1176 1095 1254; baseline -0.007 -16"><span class='ocrx_word' id='word_1_130' title='bbox 234 1176 430 1249; x_wconf 82' lang='lat' dir='ltr'>recentibus,</span> <span class='ocrx_word' id='word_1_131' title='bbox 452 1176 615 1254; x_wconf 86' lang='lat' dir='ltr'>praeclaris</span> <span class='ocrx_word' id='word_1_132' title='bbox 636 1177 706 1236; x_wconf 89' lang='lat' dir='ltr'>licet</span> <span class='ocrx_word' id='word_1_133' title='bbox 727 1178 822 1251; x_wconf 88' lang='lat' dir='ltr'>Viris,</span> <span class='ocrx_word' id='word_1_134' title='bbox 841 1178 892 1253; x_wconf 91' lang='lat' dir='ltr'>qui</span> <span class='ocrx_word' id='word_1_135' title='bbox 911 1177 956 1234; x_wconf 91' lang='lat' dir='ltr'>in·</span> <span class='ocrx_word' id='word_1_136' title='bbox 1010 1189 1095 1234; x_wconf 88' lang='lat' dir='ltr'>cone.</span> 
     </span>
    </p>
   </div>
   <div class='ocr_carea' id='block_1_7' title="bbox 128 1264 1542 1340">
    <p class='ocr_par' dir='ltr' id='par_1_7' title="bbox 128 1264 1542 1340">
     <span class='ocr_line' id='line_1_14' title="bbox 128 1264 1542 1340; baseline -0.004 -9"><span class='ocrx_word' id='word_1_137' title='bbox 128 1301 132 1308; x_wconf 94' lang='lat'>·</span> <span class='ocrx_word' id='word_1_138' title='bbox 174 1273 177 1281; x_wconf 88' lang='lat'>&#39;</span> <span class='ocrx_word' id='word_1_139' title='bbox 232 1271 314 1331; x_wconf 88' lang='lat' dir='ltr'>cauti</span> <span class='ocrx_word' id='word_1_140' title='bbox 336 1267 509 1328; x_wconf 80' lang='lat' dir='ltr'>Ostiensem</span> <span class='ocrx_word' id='word_1_141' title='bbox 531 1285 600 1328; x_wconf 90' lang='lat' dir='ltr'>cum</span> <span class='ocrx_word' id='word_1_142' title='bbox 624 1269 672 1328; x_wconf 91' lang='lat' dir='ltr'>illo</span> <span class='ocrx_word' id='word_1_143' title='bbox 693 1267 857 1328; x_wconf 87' lang='lat' dir='ltr'>eorundem</span> <span class='ocrx_word' id='word_1_144' title='bbox 879 1275 957 1327; x_wconf 89' lang='lat' dir='ltr'>tem·</span> <span class='ocrx_word' id='word_1_145' title='bbox 1051 1265 1126 1326; x_wconf 90' lang='lat' dir='ltr'>LEO</span> <span class='ocrx_word' id='word_1_146' title='bbox 1149 1266 1257 1340; x_wconf 78' lang='lat' dir='ltr'>Poeta,</span> <span class='ocrx_word' id='word_1_147' title='bbox 1279 1265 1355 1326; x_wconf 85' lang='lat' dir='ltr'>inira</span> <span class='ocrx_word' id='word_1_148' title='bbox 1376 1264 1542 1328; x_wconf 87' lang='lat' dir='ltr'>LEONlUS.</span> 
     </span>
    </p>
   </div>
   <div class='ocr_carea' id='block_1_8' title="bbox 235 1358 1694 1904">
    <p class='ocr_par' dir='ltr' id='par_1_8' title="bbox 235 1358 1691 1624">
     <span class='ocr_line' id='line_1_15' title="bbox 235 1358 1689 1441; baseline -0.003 -19"><span class='ocrx_word' id='word_1_149' title='bbox 235 1379 342 1441; x_wconf 90' lang='lat' dir='ltr'>porum</span> <span class='ocrx_word' id='word_1_150' title='bbox 361 1359 510 1422; x_wconf 76' lang='lat' dir='ltr'>cardinali</span> <span class='ocrx_word' id='word_1_151' title='bbox 528 1360 658 1420; x_wconf 85' lang='lat' dir='ltr'>eundem</span> <span class='ocrx_word' id='word_1_152' title='bbox 678 1361 801 1422; x_wconf 87' lang='lat' dir='ltr'>iaciunt.</span> <span class='ocrx_word' id='word_1_153' title='bbox 819 1359 957 1422; x_wconf 86' lang='lat' dir='ltr'>Urbanus</span> <span class='ocrx_word' id='word_1_154' title='bbox 1052 1359 1146 1434; x_wconf 86' lang='lat' dir='ltr'>LEO,</span> <span class='ocrx_word' id='word_1_155' title='bbox 1167 1376 1184 1432; x_wconf 82' lang='lat' dir='ltr'>a</span> <span class='ocrx_word' id='word_1_156' title='bbox 1205 1375 1264 1436; x_wconf 90' lang='lat' dir='ltr'>quo</span> <span class='ocrx_word' id='word_1_157' title='bbox 1285 1358 1407 1420; x_wconf 79' lang='lat' dir='ltr'>donnini</span> <span class='ocrx_word' id='word_1_158' title='bbox 1431 1375 1552 1433; x_wconf 90' lang='lat' dir='ltr'>versus,</span> <span class='ocrx_word' id='word_1_159' title='bbox 1572 1360 1689 1438; x_wconf 89' lang='lat' dir='ltr'>quonian</span> 
     </span>
     <span class='ocr_line' id='line_1_16' title="bbox 237 1450 1688 1532; baseline -0.004 -16"><span class='ocrx_word' id='word_1_160' title='bbox 237 1454 392 1516; x_wconf 86' lang='lat' dir='ltr'>socundus</span> <span class='ocrx_word' id='word_1_161' title='bbox 404 1455 480 1532; x_wconf 86' lang='lat' dir='ltr'>Papa</span> <span class='ocrx_word' id='word_1_162' title='bbox 503 1454 559 1514; x_wconf 92' lang='lat' dir='ltr'>luit</span> <span class='ocrx_word' id='word_1_163' title='bbox 579 1454 616 1514; x_wconf 94' lang='lat' dir='ltr'>ab</span> <span class='ocrx_word' id='word_1_164' title='bbox 638 1451 695 1514; x_wconf 79' lang='lat' dir='ltr'>dn.</span> <span class='ocrx_word' id='word_1_165' title='bbox 714 1454 792 1516; x_wconf 85' lang='grc'><strong>4080</strong></span> <span class='ocrx_word' id='word_1_166' title='bbox 812 1454 850 1516; x_wconf 91' lang='lat' dir='ltr'>ad</span> <span class='ocrx_word' id='word_1_167' title='bbox 868 1454 956 1516; x_wconf 87' lang='grc'><strong>4000.</strong></span> <span class='ocrx_word' id='word_1_168' title='bbox 1012 1450 1077 1510; x_wconf 85' lang='lat' dir='ltr'>illos</span> <span class='ocrx_word' id='word_1_169' title='bbox 1099 1454 1125 1512; x_wconf 85' lang='lat' dir='ltr'>si</span> <span class='ocrx_word' id='word_1_170' title='bbox 1148 1468 1206 1512; x_wconf 91' lang='lat' dir='ltr'>non</span> <span class='ocrx_word' id='word_1_171' title='bbox 1229 1453 1345 1512; x_wconf 90' lang='lat' dir='ltr'>invenit</span> <span class='ocrx_word' id='word_1_172' title='bbox 1365 1452 1391 1526; x_wconf 90' lang='grc'>4)</span> <span class='ocrx_word' id='word_1_173' title='bbox 1413 1459 1492 1513; x_wconf 86' lang='lat' dir='ltr'>certe</span> <span class='ocrx_word' id='word_1_174' title='bbox 1513 1453 1688 1529; x_wconf 86' lang='lat' dir='ltr'>lrequentarit</span> 
     </span>
     <span class='ocr_line' id='line_1_17' title="bbox 237 1544 1691 1624; baseline -0.003 -16"><span class='ocrx_word' id='word_1_175' title='bbox 237 1547 713 1624; x_wconf 85' lang='lat' dir='ltr'>decuiusEpistolisetRegesto</span> <span class='ocrx_word' id='word_1_176' title='bbox 728 1548 869 1608; x_wconf 88' lang='lat' dir='ltr'>inirasuo</span> <span class='ocrx_word' id='word_1_177' title='bbox 883 1547 956 1609; x_wconf 92' lang='lat' dir='ltr'>loco.</span> <span class='ocrx_word' id='word_1_178' title='bbox 1012 1545 1203 1622; x_wconf 75' lang='lat' dir='ltr'>vastavitque</span> <span class='ocrx_word' id='word_1_179' title='bbox 1226 1561 1284 1604; x_wconf 92' lang='lat' dir='ltr'>non</span> <span class='ocrx_word' id='word_1_180' title='bbox 1306 1545 1371 1604; x_wconf 85' lang='lat' dir='ltr'>sine</span> <span class='ocrx_word' id='word_1_181' title='bbox 1402 1544 1496 1606; x_wconf 91' lang='lat' dir='ltr'>laude.</span> <span class='ocrx_word' id='word_1_182' title='bbox 1525 1545 1691 1604; x_wconf 87' lang='lat' dir='ltr'>Eberhardus</span> 
     </span>
    </p>

    <p class='ocr_par' dir='ltr' id='par_1_9' title="bbox 238 1636 1694 1904">
     <span class='ocr_line' id='line_1_18' title="bbox 278 1636 1692 1716; baseline -0.004 -18"><span class='ocrx_word' id='word_1_183' title='bbox 278 1638 382 1700; x_wconf 74' lang='lat' dir='ltr'>*ulto</span> <span class='ocrx_word' id='word_1_184' title='bbox 396 1638 958 1702; x_wconf 65' lang='grc'><strong>4444144444444444444444444-</strong></span> <span class='ocrx_word' id='word_1_185' title='bbox 1012 1637 1228 1698; x_wconf 84' lang='grc' dir='ltr'><strong>Β44444444444</strong></span> <span class='ocrx_word' id='word_1_186' title='bbox 1259 1639 1311 1716; x_wconf 90' lang='lat' dir='ltr'>qni</span> <span class='ocrx_word' id='word_1_187' title='bbox 1339 1636 1396 1698; x_wconf 81' lang='grc'>44.</span> <span class='ocrx_word' id='word_1_188' title='bbox 1428 1638 1504 1699; x_wconf 76' lang='lat' dir='ltr'>tata</span> <span class='ocrx_word' id='word_1_189' title='bbox 1528 1638 1692 1715; x_wconf 87' lang='lat' dir='ltr'>scripsit,in</span> 
     </span>
     <span class='ocr_line' id='line_1_19' title="bbox 242 1729 1694 1812; baseline -0.003 -20"><span class='ocrx_word' id='word_1_190' title='bbox 242 1733 282 1792; x_wconf 89' lang='lat' dir='ltr'>tis</span> <span class='ocrx_word' id='word_1_191' title='bbox 297 1734 409 1806; x_wconf 89' lang='lat' dir='ltr'>vitam,</span> <span class='ocrx_word' id='word_1_192' title='bbox 424 1749 515 1809; x_wconf 91' lang='lat' dir='ltr'>quam</span> <span class='ocrx_word' id='word_1_193' title='bbox 532 1732 727 1811; x_wconf 91' lang='lat' dir='ltr'>vulgaturum</span> <span class='ocrx_word' id='word_1_194' title='bbox 747 1749 781 1793; x_wconf 87' lang='lat' dir='ltr'>se</span> <span class='ocrx_word' id='word_1_195' title='bbox 799 1733 958 1812; x_wconf 86' lang='lat' dir='ltr'>spopondit</span> <span class='ocrx_word' id='word_1_196' title='bbox 1013 1738 1097 1808; x_wconf 87' lang='lat' dir='ltr'>parte</span> <span class='ocrx_word' id='word_1_197' title='bbox 1119 1733 1206 1792; x_wconf 90' lang='lat' dir='ltr'>tertia</span> <span class='ocrx_word' id='word_1_198' title='bbox 1228 1729 1409 1808; x_wconf 81' lang='lat' dir='ltr'>labyrinthi,</span> <span class='ocrx_word' id='word_1_199' title='bbox 1429 1747 1504 1810; x_wconf 88' lang='lat' dir='ltr'>quae</span> <span class='ocrx_word' id='word_1_200' title='bbox 1524 1739 1569 1790; x_wconf 91' lang='lat' dir='ltr'>est</span> <span class='ocrx_word' id='word_1_201' title='bbox 1586 1729 1619 1790; x_wconf 91' lang='lat' dir='ltr'>de</span> <span class='ocrx_word' id='word_1_202' title='bbox 1639 1745 1694 1788; x_wconf 84' lang='lat' dir='ltr'>ver</span> 
     </span>
     <span class='ocr_line' id='line_1_20' title="bbox 238 1823 1368 1904; baseline -0.004 -18"><span class='ocrx_word' id='word_1_203' title='bbox 238 1824 432 1899; x_wconf 81' lang='lat' dir='ltr'>holstenius,</span> <span class='ocrx_word' id='word_1_204' title='bbox 451 1833 560 1886; x_wconf 80' lang='lat' dir='ltr'>extare</span> <span class='ocrx_word' id='word_1_205' title='bbox 588 1832 735 1904; x_wconf 85' lang='lat' dir='ltr'>mtegram</span> <span class='ocrx_word' id='word_1_206' title='bbox 754 1827 783 1884; x_wconf 91' lang='lat' dir='ltr'>in</span> <span class='ocrx_word' id='word_1_207' title='bbox 803 1825 875 1888; x_wconf 86' lang='lat' dir='ltr'>Cod.</span> <span class='ocrx_word' id='word_1_208' title='bbox 898 1825 957 1886; x_wconf 84' lang='lat' dir='ltr'>blS.</span> <span class='ocrx_word' id='word_1_209' title='bbox 1014 1823 1178 1884; x_wconf 86' lang='lat' dir='ltr'>silicatlone</span> <span class='ocrx_word' id='word_1_210' title='bbox 1200 1841 1229 1883; x_wconf 94' lang='lat' dir='ltr'>v.</span> <span class='ocrx_word' id='word_1_211' title='bbox 1252 1825 1310 1885; x_wconf 90' lang='grc'>443</span> <span class='ocrx_word' id='word_1_212' title='bbox 1331 1825 1368 1897; x_wconf 87' lang='lat' dir='ltr'>c).</span> 
     </span>
    </p>
   </div>
   <div class='ocr_carea' id='block_1_9' title="bbox 236 1918 962 2558">
    <p class='ocr_par' dir='ltr' id='par_1_10' title="bbox 236 1918 962 2558">
     <span class='ocr_line' id='line_1_21' title="bbox 236 1918 957 1981; baseline 0 -2"><span class='ocrx_word' id='word_1_213' title='bbox 236 1918 311 1979; x_wconf 90' lang='lat' dir='ltr'>Bibl.</span> <span class='ocrx_word' id='word_1_214' title='bbox 333 1919 508 1979; x_wconf 88' lang='lat' dir='ltr'>Casinensis</span> <span class='ocrx_word' id='word_1_215' title='bbox 532 1919 589 1980; x_wconf 87' lang='grc'>443</span> <span class='ocrx_word' id='word_1_216' title='bbox 612 1927 715 1979; x_wconf 89' lang='lat' dir='ltr'>monet</span> <span class='ocrx_word' id='word_1_217' title='bbox 736 1919 854 1981; x_wconf 88' lang='lat' dir='ltr'>Gattola</span> <span class='ocrx_word' id='word_1_218' title='bbox 877 1918 957 1979; x_wconf 87' lang='lat' dir='ltr'>lliat.</span> 
     </span>
     <span class='ocr_line' id='line_1_22' title="bbox 240 2011 957 2094; baseline -0.001 -21"><span class='ocrx_word' id='word_1_219' title='bbox 240 2013 433 2073; x_wconf 86' lang='lat' dir='ltr'>Cassinensis</span> <span class='ocrx_word' id='word_1_220' title='bbox 459 2011 542 2073; x_wconf 88' lang='lat' dir='ltr'>Saeo.</span> <span class='ocrx_word' id='word_1_221' title='bbox 568 2012 617 2073; x_wconf 90' lang='lat' dir='ltr'>Vl.</span> <span class='ocrx_word' id='word_1_222' title='bbox 638 2013 690 2089; x_wconf 94' lang='lat' dir='ltr'>qui</span> <span class='ocrx_word' id='word_1_223' title='bbox 711 2019 742 2072; x_wconf 91' lang='lat' dir='ltr'>et</span> <span class='ocrx_word' id='word_1_224' title='bbox 764 2013 957 2094; x_wconf 86' lang='lat' dir='ltr'>praelationis</span> 
     </span>
     <span class='ocr_line' id='line_1_23' title="bbox 240 2105 958 2186; baseline -0.001 -20"><span class='ocrx_word' id='word_1_225' title='bbox 240 2113 357 2185; x_wconf 90' lang='lat' dir='ltr'>partem</span> <span class='ocrx_word' id='word_1_226' title='bbox 380 2107 545 2184; x_wconf 85' lang='lat' dir='ltr'>longiorem</span> <span class='ocrx_word' id='word_1_227' title='bbox 567 2108 681 2167; x_wconf 90' lang='lat' dir='ltr'>recitat.</span> <span class='ocrx_word' id='word_1_228' title='bbox 699 2109 842 2186; x_wconf 88' lang='lat' dir='ltr'>Dirigitur</span> <span class='ocrx_word' id='word_1_229' title='bbox 855 2105 958 2166; x_wconf 89' lang='lat' dir='ltr'>Oderi-</span> 
     </span>
     <span class='ocr_line' id='line_1_24' title="bbox 240 2199 957 2278; baseline -0.001 -19"><span class='ocrx_word' id='word_1_230' title='bbox 240 2201 285 2260; x_wconf 90' lang='lat' dir='ltr'>sio</span> <span class='ocrx_word' id='word_1_231' title='bbox 306 2200 425 2260; x_wconf 81' lang='lat' dir='ltr'>Abbati.</span> <span class='ocrx_word' id='word_1_232' title='bbox 457 2199 583 2278; x_wconf 88' lang='lat' dir='ltr'>Scripsit</span> <span class='ocrx_word' id='word_1_233' title='bbox 604 2203 695 2260; x_wconf 90' lang='lat' dir='ltr'>etiam</span> <span class='ocrx_word' id='word_1_234' title='bbox 719 2203 776 2261; x_wconf 89' lang='lat' dir='ltr'>Leo</span> <span class='ocrx_word' id='word_1_235' title='bbox 799 2201 957 2260; x_wconf 85' lang='lat' dir='ltr'>Historiam</span> 
     </span>
     <span class='ocr_line' id='line_1_25' title="bbox 240 2293 960 2354; baseline 0.003 -2"><span class='ocrx_word' id='word_1_236' title='bbox 240 2293 476 2353; x_wconf 89' lang='lat' dir='ltr'>consecrationis</span> <span class='ocrx_word' id='word_1_237' title='bbox 491 2295 637 2354; x_wconf 87' lang='lat' dir='ltr'>ecclesiae</span> <span class='ocrx_word' id='word_1_238' title='bbox 650 2295 826 2354; x_wconf 86' lang='lat' dir='ltr'>Casinrnsis</span> <span class='ocrx_word' id='word_1_239' title='bbox 840 2293 878 2354; x_wconf 88' lang='lat' dir='ltr'>ab</span> <span class='ocrx_word' id='word_1_240' title='bbox 892 2293 960 2354; x_wconf 82' lang='lat' dir='ltr'>hle·</span> 
     </span>
     <span class='ocr_line' id='line_1_26' title="bbox 244 2384 961 2465; baseline 0.003 -19"><span class='ocrx_word' id='word_1_241' title='bbox 244 2384 360 2446; x_wconf 84' lang='lat' dir='ltr'>xandro</span> <span class='ocrx_word' id='word_1_242' title='bbox 377 2387 403 2446; x_wconf 96' lang='grc'>44</span> <span class='ocrx_word' id='word_1_243' title='bbox 426 2395 564 2463; x_wconf 87' lang='lat' dir='ltr'>peractae</span> <span class='ocrx_word' id='word_1_244' title='bbox 581 2387 693 2447; x_wconf 84' lang='lat' dir='ltr'>editam</span> <span class='ocrx_word' id='word_1_245' title='bbox 713 2391 843 2465; x_wconf 89' lang='lat' dir='ltr'>primum</span> <span class='ocrx_word' id='word_1_246' title='bbox 865 2403 882 2447; x_wconf 94' lang='lat' dir='ltr'>a</span> <span class='ocrx_word' id='word_1_247' title='bbox 904 2389 961 2448; x_wconf 88' lang='lat' dir='ltr'>Ca·</span> 
     </span>
     <span class='ocr_line' id='line_1_27' title="bbox 246 2479 962 2558; baseline 0.006 -20"><span class='ocrx_word' id='word_1_248' title='bbox 246 2479 374 2539; x_wconf 90' lang='lat' dir='ltr'>racciolo</span> <span class='ocrx_word' id='word_1_249' title='bbox 394 2479 472 2538; x_wconf 89' lang='lat' dir='ltr'>inter</span> <span class='ocrx_word' id='word_1_250' title='bbox 493 2483 635 2557; x_wconf 88' lang='lat' dir='ltr'>antiquos</span> <span class='ocrx_word' id='word_1_251' title='bbox 652 2488 782 2558; x_wconf 90' lang='lat' dir='ltr'>quatuor</span> <span class='ocrx_word' id='word_1_252' title='bbox 799 2481 962 2542; x_wconf 89' lang='lat' dir='ltr'>Chronolo·</span> 
     </span>
    </p>
   </div>
   <div class='ocr_carea' id='block_1_10' title="bbox 133 2571 961 2650">
    <p class='ocr_par' dir='ltr' id='par_1_11' title="bbox 133 2571 961 2650">
     <span class='ocr_line' id='line_1_28' title="bbox 133 2571 961 2650; baseline 0.002 -20"><span class='ocrx_word' id='word_1_253' title='bbox 133 2629 137 2642; x_wconf 84' lang='grc'><strong>,</strong></span> <span class='ocrx_word' id='word_1_254' title='bbox 243 2587 317 2650; x_wconf 89' lang='lat' dir='ltr'>gos,</span> <span class='ocrx_word' id='word_1_255' title='bbox 342 2576 373 2630; x_wconf 90' lang='lat' dir='ltr'>et</span> <span class='ocrx_word' id='word_1_256' title='bbox 397 2589 412 2632; x_wconf 88' lang='grc'>4</span> <span class='ocrx_word' id='word_1_257' title='bbox 443 2573 603 2634; x_wconf 87' lang='grc'><strong>4444444444</strong></span> <span class='ocrx_word' id='word_1_258' title='bbox 622 2573 650 2630; x_wconf 90' lang='lat' dir='ltr'>in</span> <span class='ocrx_word' id='word_1_259' title='bbox 671 2589 747 2634; x_wconf 91' lang='lat' dir='ltr'>nova</span> <span class='ocrx_word' id='word_1_260' title='bbox 764 2571 895 2632; x_wconf 88' lang='lat' dir='ltr'>editione</span> <span class='ocrx_word' id='word_1_261' title='bbox 912 2589 961 2632; x_wconf 88' lang='lat' dir='ltr'>eo·</span> 
     </span>
    </p>
   </div>
   <div class='ocr_carea' id='block_1_11' title="bbox 241 2663 967 3653">
    <p class='ocr_par' dir='ltr' id='par_1_12' title="bbox 241 2663 962 3192">
     <span class='ocr_line' id='line_1_29' title="bbox 242 2663 959 2744; baseline -0.004 -21"><span class='ocrx_word' id='word_1_262' title='bbox 242 2663 380 2725; x_wconf 88' lang='lat' dir='ltr'>rumdam</span> <span class='ocrx_word' id='word_1_263' title='bbox 400 2664 654 2744; x_wconf 75' lang='lat' dir='ltr'>chronologorum</span> <span class='ocrx_word' id='word_1_264' title='bbox 670 2667 738 2726; x_wconf 85' lang='lat' dir='ltr'>ller.</span> <span class='ocrx_word' id='word_1_265' title='bbox 754 2666 817 2726; x_wconf 92' lang='lat' dir='ltr'>ltal.</span> <span class='ocrx_word' id='word_1_266' title='bbox 839 2673 860 2724; x_wconf 94' lang='grc'>4.</span> <span class='ocrx_word' id='word_1_267' title='bbox 879 2665 912 2726; x_wconf 93' lang='lat' dir='ltr'>V.</span> <span class='ocrx_word' id='word_1_268' title='bbox 931 2682 959 2743; x_wconf 89' lang='lat' dir='ltr'>p.</span> 
     </span>
     <span class='ocr_line' id='line_1_30' title="bbox 244 2757 960 2836; baseline -0.001 -18"><span class='ocrx_word' id='word_1_269' title='bbox 244 2757 292 2818; x_wconf 87' lang='grc'>76.</span> <span class='ocrx_word' id='word_1_270' title='bbox 315 2757 449 2834; x_wconf 88' lang='lat' dir='ltr'>Uterque</span> <span class='ocrx_word' id='word_1_271' title='bbox 472 2763 574 2817; x_wconf 90' lang='lat' dir='ltr'>tumen</span> <span class='ocrx_word' id='word_1_272' title='bbox 597 2759 730 2818; x_wconf 88' lang='lat' dir='ltr'>auctoris</span> <span class='ocrx_word' id='word_1_273' title='bbox 751 2758 886 2836; x_wconf 90' lang='lat' dir='ltr'>opusculi</span> <span class='ocrx_word' id='word_1_274' title='bbox 909 2774 960 2817; x_wconf 93' lang='lat' dir='ltr'>nc·</span> 
     </span>
     <span class='ocr_line' id='line_1_31' title="bbox 241 2850 962 2929; baseline -0.001 -19"><span class='ocrx_word' id='word_1_275' title='bbox 241 2867 311 2910; x_wconf 90' lang='lat' dir='ltr'>men</span> <span class='ocrx_word' id='word_1_276' title='bbox 338 2850 428 2925; x_wconf 81' lang='lat' dir='ltr'>silet3</span> <span class='ocrx_word' id='word_1_277' title='bbox 452 2851 564 2929; x_wconf 86' lang='lat' dir='ltr'>legitur</span> <span class='ocrx_word' id='word_1_278' title='bbox 582 2850 685 2910; x_wconf 92' lang='lat' dir='ltr'>nihilio</span> <span class='ocrx_word' id='word_1_279' title='bbox 703 2853 803 2912; x_wconf 87' lang='lat' dir='ltr'>secius</span> <span class='ocrx_word' id='word_1_280' title='bbox 825 2850 883 2912; x_wconf 92' lang='lat' dir='ltr'>sub</span> <span class='ocrx_word' id='word_1_281' title='bbox 909 2868 962 2910; x_wconf 83' lang='lat' dir='ltr'>er·</span> 
     </span>
     <span class='ocr_line' id='line_1_32' title="bbox 243 2943 959 3023; baseline -0.006 -18"><span class='ocrx_word' id='word_1_282' title='bbox 243 2961 348 3023; x_wconf 87' lang='lat' dir='ltr'>pressa</span> <span class='ocrx_word' id='word_1_283' title='bbox 381 2945 489 3004; x_wconf 91' lang='lat' dir='ltr'>Leonis</span> <span class='ocrx_word' id='word_1_284' title='bbox 518 2945 675 3005; x_wconf 83' lang='lat' dir='ltr'>llarsieani</span> <span class='ocrx_word' id='word_1_285' title='bbox 707 2943 906 3022; x_wconf 87' lang='lat' dir='ltr'>appellatione</span> <span class='ocrx_word' id='word_1_286' title='bbox 932 2945 959 3001; x_wconf 94' lang='lat' dir='ltr'>in</span> 
     </span>
     <span class='ocr_line' id='line_1_33' title="bbox 242 3037 962 3115; baseline -0.007 -15"><span class='ocrx_word' id='word_1_287' title='bbox 242 3037 301 3100; x_wconf 75' lang='grc'><strong>443.</strong></span> <span class='ocrx_word' id='word_1_288' title='bbox 318 3037 390 3100; x_wconf 86' lang='lat' dir='ltr'>cod.</span> <span class='ocrx_word' id='word_1_289' title='bbox 407 3037 606 3097; x_wconf 75' lang='lat' dir='ltr'>bibliothecae</span> <span class='ocrx_word' id='word_1_290' title='bbox 624 3038 806 3098; x_wconf 80' lang='lat' dir='ltr'>casinensis</span> <span class='ocrx_word' id='word_1_291' title='bbox 836 3038 913 3115; x_wconf 90' lang='lat' dir='ltr'>sign.</span> <span class='ocrx_word' id='word_1_292' title='bbox 932 3053 962 3095; x_wconf 93' lang='lat' dir='ltr'>n.</span> 
     </span>
     <span class='ocr_line' id='line_1_34' title="bbox 247 3129 731 3192; baseline -0.006 0"><span class='ocrx_word' id='word_1_293' title='bbox 247 3129 295 3192; x_wconf 82' lang='lat' dir='ltr'>tr.</span> <span class='ocrx_word' id='word_1_294' title='bbox 312 3130 418 3192; x_wconf 88' lang='lat' dir='ltr'>eodern</span> <span class='ocrx_word' id='word_1_295' title='bbox 442 3130 564 3191; x_wconf 88' lang='lat' dir='ltr'>Gattula</span> <span class='ocrx_word' id='word_1_296' title='bbox 586 3135 731 3190; x_wconf 90' lang='lat' dir='ltr'>testante.</span> 
     </span>
    </p>

    <p class='ocr_par' dir='ltr' id='par_1_13' title="bbox 243 3221 967 3653">
     <span class='ocr_line' id='line_1_35' title="bbox 282 3221 964 3300; baseline -0.007 -14"><span class='ocrx_word' id='word_1_297' title='bbox 282 3223 461 3286; x_wconf 79' lang='lat' dir='ltr'>Ambrosius</span> <span class='ocrx_word' id='word_1_298' title='bbox 484 3223 577 3298; x_wconf 88' lang='lat' dir='ltr'>LEO,</span> <span class='ocrx_word' id='word_1_299' title='bbox 601 3221 756 3300; x_wconf 85' lang='lat' dir='ltr'>Nolanus,</span> <span class='ocrx_word' id='word_1_300' title='bbox 778 3223 912 3283; x_wconf 84' lang='lat' dir='ltr'>Medicus</span> <span class='ocrx_word' id='word_1_301' title='bbox 932 3227 964 3282; x_wconf 90' lang='lat' dir='ltr'>et</span> 
     </span>
     <span class='ocr_line' id='line_1_36' title="bbox 246 3317 966 3397; baseline -0.004 -18"><span class='ocrx_word' id='word_1_302' title='bbox 246 3317 446 3397; x_wconf 87' lang='lat' dir='ltr'>Philosophus</span> <span class='ocrx_word' id='word_1_303' title='bbox 467 3335 482 3378; x_wconf 88' lang='lat' dir='ltr'>a</span> <span class='ocrx_word' id='word_1_304' title='bbox 505 3318 641 3379; x_wconf 87' lang='lat' dir='ltr'>Leandro</span> <span class='ocrx_word' id='word_1_305' title='bbox 663 3318 786 3378; x_wconf 82' lang='lat' dir='ltr'>Alberto</span> <span class='ocrx_word' id='word_1_306' title='bbox 806 3323 837 3376; x_wconf 91' lang='lat' dir='ltr'>et</span> <span class='ocrx_word' id='word_1_307' title='bbox 858 3317 966 3377; x_wconf 77' lang='lat' dir='ltr'>avos-</span> 
     </span>
     <span class='ocr_line' id='line_1_37' title="bbox 243 3409 964 3486; baseline -0.004 -17"><span class='ocrx_word' id='word_1_308' title='bbox 243 3413 287 3471; x_wconf 90' lang='lat' dir='ltr'>sio</span> <span class='ocrx_word' id='word_1_309' title='bbox 307 3409 537 3472; x_wconf 90' lang='lat' dir='ltr'>commendatur</span> <span class='ocrx_word' id='word_1_310' title='bbox 558 3411 595 3471; x_wconf 94' lang='lat' dir='ltr'>ob</span> <span class='ocrx_word' id='word_1_311' title='bbox 616 3411 709 3470; x_wconf 91' lang='lat' dir='ltr'>libros</span> <span class='ocrx_word' id='word_1_312' title='bbox 736 3410 784 3470; x_wconf 93' lang='lat' dir='ltr'>lll.</span> <span class='ocrx_word' id='word_1_313' title='bbox 803 3410 964 3486; x_wconf 89' lang='lat' dir='ltr'>antiquita-</span> 
     </span>
     <span class='ocr_line' id='line_1_38' title="bbox 245 3499 964 3578; baseline -0.003 -20"><span class='ocrx_word' id='word_1_314' title='bbox 245 3505 310 3558; x_wconf 91' lang='lat' dir='ltr'>tum</span> <span class='ocrx_word' id='word_1_315' title='bbox 332 3507 363 3558; x_wconf 93' lang='lat' dir='ltr'>et</span> <span class='ocrx_word' id='word_1_316' title='bbox 385 3499 577 3561; x_wconf 89' lang='lat' dir='ltr'>historiarum</span> <span class='ocrx_word' id='word_1_317' title='bbox 613 3500 701 3560; x_wconf 90' lang='lat' dir='ltr'>Urbis</span> <span class='ocrx_word' id='word_1_318' title='bbox 722 3505 754 3559; x_wconf 87' lang='lat' dir='ltr'>ot</span> <span class='ocrx_word' id='word_1_319' title='bbox 776 3501 838 3578; x_wconf 93' lang='lat' dir='ltr'>agri</span> <span class='ocrx_word' id='word_1_320' title='bbox 861 3499 964 3559; x_wconf 87' lang='lat' dir='ltr'>Nolani</span> 
     </span>
     <span class='ocr_line' id='line_1_39' title="bbox 245 3589 967 3653; baseline 0.001 -4"><span class='ocrx_word' id='word_1_321' title='bbox 245 3605 280 3650; x_wconf 87' lang='grc'>44</span> <span class='ocrx_word' id='word_1_322' title='bbox 301 3589 339 3649; x_wconf 90' lang='lat' dir='ltr'>de</span> <span class='ocrx_word' id='word_1_323' title='bbox 362 3593 516 3650; x_wconf 89' lang='lat' dir='ltr'>montibus</span> <span class='ocrx_word' id='word_1_324' title='bbox 543 3594 675 3653; x_wconf 87' lang='lat' dir='ltr'>Vesuvio</span> <span class='ocrx_word' id='word_1_325' title='bbox 697 3599 729 3650; x_wconf 91' lang='lat' dir='ltr'>et</span> <span class='ocrx_word' id='word_1_326' title='bbox 748 3592 863 3652; x_wconf 76' lang='lat' dir='ltr'>Abella.</span> <span class='ocrx_word' id='word_1_327' title='bbox 897 3593 967 3651; x_wconf 76' lang='lat' dir='ltr'>Pro</span> 
     </span>
    </p>
   </div>
   <div class='ocr_carea' id='block_1_12' title="bbox 1042 1950 1584 2020">
    <p class='ocr_par' dir='ltr' id='par_1_14' title="bbox 1042 1950 1584 2020">
     <span class='ocr_line' id='line_1_40' title="bbox 1042 1950 1584 2020; baseline -0.004 -2"><span class='ocrx_word' id='word_1_328' title='bbox 1042 1950 1105 2018; x_wconf 85' lang='lat' dir='ltr'>suot</span> <span class='ocrx_word' id='word_1_329' title='bbox 1118 1970 1258 2020; x_wconf 84' lang='lat' dir='ltr'>inventoris</span> <span class='ocrx_word' id='word_1_330' title='bbox 1270 1970 1301 2020; x_wconf 91' lang='lat' dir='ltr'>de</span> <span class='ocrx_word' id='word_1_331' title='bbox 1313 1971 1415 2020; x_wconf 87' lang='lat' dir='ltr'>norolne</span> <span class='ocrx_word' id='word_1_332' title='bbox 1426 1967 1491 2018; x_wconf 89' lang='lat' dir='ltr'>dlcta</span> <span class='ocrx_word' id='word_1_333' title='bbox 1502 1969 1584 2016; x_wconf 83' lang='lat' dir='ltr'>Leonte</span> 
     </span>
    </p>
   </div>
   <div class='ocr_carea' id='block_1_13' title="bbox 1038 2037 1774 2178">
    <p class='ocr_par' dir='ltr' id='par_1_15' title="bbox 1038 2037 1774 2178">
     <span class='ocr_line' id='line_1_41' title="bbox 1085 2037 1773 2105; baseline -0.009 -13"><span class='ocrx_word' id='word_1_334' title='bbox 1085 2043 1217 2102; x_wconf 79' lang='lat' dir='ltr'>Carmina,</span> <span class='ocrx_word' id='word_1_335' title='bbox 1233 2053 1298 2105; x_wconf 85' lang='lat' dir='ltr'>quaa</span> <span class='ocrx_word' id='word_1_336' title='bbox 1313 2043 1356 2094; x_wconf 89' lang='lat' dir='ltr'>talt</span> <span class='ocrx_word' id='word_1_337' title='bbox 1373 2049 1432 2091; x_wconf 79' lang='lat' dir='ltr'>sunt</span> <span class='ocrx_word' id='word_1_338' title='bbox 1448 2039 1589 2091; x_wconf 90' lang='lat' dir='ltr'>modulanda</span> <span class='ocrx_word' id='word_1_339' title='bbox 1607 2037 1686 2088; x_wconf 86' lang='lat' dir='ltr'>medo:</span> <span class='ocrx_word' id='word_1_340' title='bbox 1771 2091 1773 2100; x_wconf 45' lang='lat'>,</span> 
     </span>
     <span class='ocr_line' id='line_1_42' title="bbox 1038 2113 1774 2178; baseline -0.01 -11"><span class='ocrx_word' id='word_1_341' title='bbox 1038 2118 1129 2168; x_wconf 70' lang='lat' dir='ltr'>Paetis</span> <span class='ocrx_word' id='word_1_342' title='bbox 1146 2118 1298 2178; x_wconf 84' lang='grc'><strong>4444444444,</strong></span> <span class='ocrx_word' id='word_1_343' title='bbox 1313 2117 1457 2178; x_wconf 84' lang='lat' dir='ltr'>durumque</span> <span class='ocrx_word' id='word_1_344' title='bbox 1473 2115 1546 2177; x_wconf 73' lang='lat' dir='ltr'>nelos</span> <span class='ocrx_word' id='word_1_345' title='bbox 1560 2113 1666 2166; x_wconf 82' lang='lat' dir='ltr'>Sinonia</span> <span class='ocrx_word' id='word_1_346' title='bbox 1773 2127 1774 2130; x_wconf 46' lang='lat'>¹</span> 
     </span>
    </p>
   </div>
   <div class='ocr_carea' id='block_1_14' title="bbox 1040 2189 1700 3652">
    <p class='ocr_par' dir='ltr' id='par_1_16' title="bbox 1040 2189 1700 3652">
     <span class='ocr_line' id='line_1_43' title="bbox 1084 2189 1577 2255; baseline -0.012 -11"><span class='ocrx_word' id='word_1_347' title='bbox 1084 2195 1189 2255; x_wconf 72' lang='grc'><strong>14444444</strong></span> <span class='ocrx_word' id='word_1_348' title='bbox 1205 2194 1234 2240; x_wconf 87' lang='lat' dir='ltr'>in</span> <span class='ocrx_word' id='word_1_349' title='bbox 1252 2191 1375 2242; x_wconf 80' lang='lat' dir='ltr'>Eeclear&#39;e</span> <span class='ocrx_word' id='word_1_350' title='bbox 1392 2189 1511 2239; x_wconf 81' lang='lat' dir='ltr'>liberiore</span> <span class='ocrx_word' id='word_1_351' title='bbox 1526 2189 1577 2238; x_wconf 85' lang='grc'><strong>444.</strong></span> 
     </span>
     <span class='ocr_line' id='line_1_44' title="bbox 1040 2260 1698 2325; baseline -0.014 -10"><span class='ocrx_word' id='word_1_352' title='bbox 1040 2268 1198 2316; x_wconf 79' lang='lat' dir='ltr'>Permutunt</span> <span class='ocrx_word' id='word_1_353' title='bbox 1208 2279 1294 2315; x_wconf 85' lang='lat' dir='ltr'>morer</span> <span class='ocrx_word' id='word_1_354' title='bbox 1302 2261 1430 2325; x_wconf 80' lang='grc'><strong>44444444,</strong></span> <span class='ocrx_word' id='word_1_355' title='bbox 1438 2260 1698 2317; x_wconf 79' lang='lat' dir='ltr'>eumdonturllomm,</span> 
     </span>
     <span class='ocr_line' id='line_1_45' title="bbox 1088 2333 1672 2403; baseline -0.019 -13"><span class='ocrx_word' id='word_1_356' title='bbox 1088 2341 1174 2390; x_wconf 85' lang='lat' dir='ltr'>Corde</span> <span class='ocrx_word' id='word_1_357' title='bbox 1193 2347 1249 2389; x_wconf 87' lang='lat' dir='ltr'>rtet</span> <span class='ocrx_word' id='word_1_358' title='bbox 1268 2339 1363 2403; x_wconf 76' lang='lat' dir='ltr'>inflato</span> <span class='ocrx_word' id='word_1_359' title='bbox 1379 2351 1480 2402; x_wconf 72' lang='lat' dir='ltr'>praepar</span> <span class='ocrx_word' id='word_1_360' title='bbox 1489 2375 1498 2400; x_wconf 89' lang='lat'>,</span> <span class='ocrx_word' id='word_1_361' title='bbox 1513 2337 1603 2384; x_wconf 81' lang='lat' dir='ltr'>bonore</span> <span class='ocrx_word' id='word_1_362' title='bbox 1618 2333 1672 2380; x_wconf 88' lang='lat' dir='ltr'>doto</span> 
     </span>
     <span class='ocr_line' id='line_1_46' title="bbox 1040 2407 1628 2474; baseline -0.014 -11"><span class='ocrx_word' id='word_1_363' title='bbox 1040 2407 1104 2464; x_wconf 81' lang='lat' dir='ltr'>sunt</span> <span class='ocrx_word' id='word_1_364' title='bbox 1121 2420 1146 2463; x_wconf 89' lang='lat' dir='ltr'>et</span> <span class='ocrx_word' id='word_1_365' title='bbox 1161 2417 1278 2472; x_wconf 87' lang='lat' dir='ltr'>caudata,</span> <span class='ocrx_word' id='word_1_366' title='bbox 1295 2414 1373 2464; x_wconf 87' lang='lat' dir='ltr'>etmtll</span> <span class='ocrx_word' id='word_1_367' title='bbox 1387 2425 1451 2474; x_wconf 86' lang='lat' dir='ltr'>quae</span> <span class='ocrx_word' id='word_1_368' title='bbox 1463 2413 1510 2461; x_wconf 90' lang='lat' dir='ltr'>flne</span> <span class='ocrx_word' id='word_1_369' title='bbox 1521 2414 1628 2460; x_wconf 88' lang='lat' dir='ltr'>tenentur</span> 
     </span>
     <span class='ocr_line' id='line_1_47' title="bbox 1087 2477 1695 2551; baseline -0.02 -13"><span class='ocrx_word' id='word_1_370' title='bbox 1087 2489 1226 2548; x_wconf 86' lang='lat' dir='ltr'>Carmina,</span> <span class='ocrx_word' id='word_1_371' title='bbox 1243 2499 1309 2551; x_wconf 88' lang='lat' dir='ltr'>quae</span> <span class='ocrx_word' id='word_1_372' title='bbox 1327 2487 1370 2537; x_wconf 88' lang='lat' dir='ltr'>tall</span> <span class='ocrx_word' id='word_1_373' title='bbox 1390 2493 1448 2536; x_wconf 88' lang='lat' dir='ltr'>suut</span> <span class='ocrx_word' id='word_1_374' title='bbox 1467 2481 1606 2534; x_wconf 82' lang='lat' dir='ltr'>modulanda</span> <span class='ocrx_word' id='word_1_375' title='bbox 1620 2477 1695 2528; x_wconf 78' lang='lat' dir='ltr'>nodo:</span> 
     </span>
     <span class='ocr_line' id='line_1_48' title="bbox 1042 2553 1671 2625; baseline -0.025 -10"><span class='ocrx_word' id='word_1_376' title='bbox 1042 2564 1103 2615; x_wconf 87' lang='lat' dir='ltr'>ll&#39;on</span> <span class='ocrx_word' id='word_1_377' title='bbox 1121 2561 1206 2624; x_wconf 78' lang='lat' dir='ltr'>lignis</span> <span class='ocrx_word' id='word_1_378' title='bbox 1223 2562 1355 2625; x_wconf 72' lang='lat' dir='ltr'>plemnaeo,</span> <span class='ocrx_word' id='word_1_379' title='bbox 1373 2573 1421 2610; x_wconf 81' lang='lat' dir='ltr'>nac</span> <span class='ocrx_word' id='word_1_380' title='bbox 1437 2559 1512 2608; x_wconf 81' lang='lat' dir='ltr'>rebar</span> <span class='ocrx_word' id='word_1_381' title='bbox 1527 2569 1570 2606; x_wconf 91' lang='lat' dir='ltr'>eor</span> <span class='ocrx_word' id='word_1_382' title='bbox 1583 2553 1671 2603; x_wconf 84' lang='lat' dir='ltr'>rutleri</span> 
     </span>
     <span class='ocr_line' id='line_1_49' title="bbox 1087 2628 1636 2699; baseline -0.015 -14"><span class='ocrx_word' id='word_1_383' title='bbox 1087 2637 1141 2685; x_wconf 77' lang='lat' dir='ltr'>Per</span> <span class='ocrx_word' id='word_1_384' title='bbox 1156 2637 1282 2698; x_wconf 84' lang='lat' dir='ltr'>cupidum</span> <span class='ocrx_word' id='word_1_385' title='bbox 1299 2636 1397 2699; x_wconf 82' lang='lat' dir='ltr'>poterit</span> <span class='ocrx_word' id='word_1_386' title='bbox 1413 2635 1442 2682; x_wconf 85' lang='lat' dir='ltr'>in</span> <span class='ocrx_word' id='word_1_387' title='bbox 1458 2633 1558 2682; x_wconf 83' lang='lat' dir='ltr'>ratione</span> <span class='ocrx_word' id='word_1_388' title='bbox 1572 2628 1636 2691; x_wconf 83' lang='lat' dir='ltr'>pori.</span> 
     </span>
     <span class='ocr_line' id='line_1_50' title="bbox 1044 2697 1696 2774; baseline -0.025 -15"><span class='ocrx_word' id='word_1_389' title='bbox 1044 2711 1115 2774; x_wconf 82' lang='lat' dir='ltr'>Quid</span> <span class='ocrx_word' id='word_1_390' title='bbox 1129 2711 1236 2773; x_wconf 78' lang='lat' dir='ltr'>prosit,</span> <span class='ocrx_word' id='word_1_391' title='bbox 1252 2723 1308 2758; x_wconf 87' lang='lat' dir='ltr'>nen</span> <span class='ocrx_word' id='word_1_392' title='bbox 1333 2709 1396 2772; x_wconf 80' lang='lat' dir='ltr'>quid</span> <span class='ocrx_word' id='word_1_393' title='bbox 1417 2708 1523 2765; x_wconf 79' lang='grc'><strong>4444444,</strong></span> <span class='ocrx_word' id='word_1_394' title='bbox 1540 2702 1640 2765; x_wconf 78' lang='lat' dir='ltr'>cupidus</span> <span class='ocrx_word' id='word_1_395' title='bbox 1652 2697 1696 2747; x_wconf 83' lang='grc'><strong>4444</strong></span> 
     </span>
     <span class='ocr_line' id='line_1_51' title="bbox 1416 2775 1663 2838; baseline -0.028 -10"><span class='ocrx_word' id='word_1_396' title='bbox 1416 2777 1417 2784; x_wconf 76' lang='grc'>’</span> <span class='ocrx_word' id='word_1_397' title='bbox 1559 2775 1663 2838; x_wconf 84' lang='lat' dir='ltr'>quaerit,</span> 
     </span>
     <span class='ocr_line' id='line_1_52' title="bbox 1087 2852 1599 2920; baseline -0.023 -10"><span class='ocrx_word' id='word_1_398' title='bbox 1087 2859 1130 2910; x_wconf 86' lang='lat' dir='ltr'>Sic</span> <span class='ocrx_word' id='word_1_399' title='bbox 1146 2859 1176 2906; x_wconf 84' lang='lat' dir='ltr'>ln</span> <span class='ocrx_word' id='word_1_400' title='bbox 1192 2871 1223 2906; x_wconf 88' lang='lat' dir='ltr'>eo</span> <span class='ocrx_word' id='word_1_401' title='bbox 1241 2859 1313 2907; x_wconf 81' lang='lat' dir='ltr'>vitea</span> <span class='ocrx_word' id='word_1_402' title='bbox 1329 2855 1422 2920; x_wconf 74' lang='lat' dir='ltr'>regule</span> <span class='ocrx_word' id='word_1_403' title='bbox 1433 2855 1510 2916; x_wconf 78' lang='lat' dir='ltr'>justo</span> <span class='ocrx_word' id='word_1_404' title='bbox 1526 2852 1599 2915; x_wconf 85' lang='lat' dir='ltr'>parit.</span> 
     </span>
     <span class='ocr_line' id='line_1_53' title="bbox 1042 2921 1678 2994; baseline -0.024 -12"><span class='ocrx_word' id='word_1_405' title='bbox 1042 2937 1104 2982; x_wconf 84' lang='lat' dir='ltr'>Sunt</span> <span class='ocrx_word' id='word_1_406' title='bbox 1122 2933 1204 2982; x_wconf 87' lang='lat' dir='ltr'>medlo</span> <span class='ocrx_word' id='word_1_407' title='bbox 1220 2942 1286 2994; x_wconf 84' lang='lat' dir='ltr'>qnae</span> <span class='ocrx_word' id='word_1_408' title='bbox 1302 2933 1465 2988; x_wconf 81' lang='grc'><strong>4444444444,</strong></span> <span class='ocrx_word' id='word_1_409' title='bbox 1480 2935 1504 2976; x_wconf 83' lang='grc'>44</span> <span class='ocrx_word' id='word_1_410' title='bbox 1521 2928 1568 2976; x_wconf 89' lang='lat' dir='ltr'>llne</span> <span class='ocrx_word' id='word_1_411' title='bbox 1582 2921 1678 2974; x_wconf 85' lang='lat' dir='ltr'>rtelrslar</span> 
     </span>
     <span class='ocr_line' id='line_1_54' title="bbox 1089 2993 1681 3076; baseline -0.025 -20"><span class='ocrx_word' id='word_1_412' title='bbox 1089 3007 1214 3058; x_wconf 83' lang='lat' dir='ltr'>Carmlna.</span> <span class='ocrx_word' id='word_1_413' title='bbox 1231 3017 1296 3068; x_wconf 90' lang='lat' dir='ltr'>quae</span> <span class='ocrx_word' id='word_1_414' title='bbox 1312 3005 1355 3055; x_wconf 89' lang='lat' dir='ltr'>tall</span> <span class='ocrx_word' id='word_1_415' title='bbox 1372 3009 1432 3054; x_wconf 84' lang='lat' dir='ltr'>sunt</span> <span class='ocrx_word' id='word_1_416' title='bbox 1444 2999 1587 3052; x_wconf 85' lang='lat' dir='ltr'>modulanda</span> <span class='ocrx_word' id='word_1_417' title='bbox 1601 2993 1681 3076; x_wconf 80' lang='lat' dir='ltr'>modo:¹</span> 
     </span>
     <span class='ocr_line' id='line_1_55' title="bbox 1042 3067 1700 3142; baseline -0.021 -14"><span class='ocrx_word' id='word_1_418' title='bbox 1042 3079 1072 3132; x_wconf 87' lang='lat' dir='ltr'>Si</span> <span class='ocrx_word' id='word_1_419' title='bbox 1082 3077 1132 3128; x_wconf 85' lang='lat' dir='ltr'>tibi</span> <span class='ocrx_word' id='word_1_420' title='bbox 1142 3087 1222 3142; x_wconf 81' lang='lat' dir='ltr'>preto</span> <span class='ocrx_word' id='word_1_421' title='bbox 1234 3091 1310 3142; x_wconf 79' lang='lat' dir='ltr'>regar</span> <span class='ocrx_word' id='word_1_422' title='bbox 1323 3085 1362 3127; x_wconf 80' lang='lat' dir='ltr'>aar</span> <span class='ocrx_word' id='word_1_423' title='bbox 1378 3090 1490 3136; x_wconf 85' lang='lat' dir='ltr'>morum,</span> <span class='ocrx_word' id='word_1_424' title='bbox 1502 3079 1591 3137; x_wconf 75' lang='lat' dir='ltr'>protae</span> <span class='ocrx_word' id='word_1_425' title='bbox 1605 3067 1700 3120; x_wconf 75' lang='grc'><strong>4404444,</strong></span> 
     </span>
     <span class='ocr_line' id='line_1_56' title="bbox 1088 3147 1605 3216; baseline -0.025 -10"><span class='ocrx_word' id='word_1_426' title='bbox 1088 3155 1120 3206; x_wconf 80' lang='lat' dir='ltr'>Si</span> <span class='ocrx_word' id='word_1_427' title='bbox 1134 3155 1244 3203; x_wconf 81' lang='lat' dir='ltr'>uirtutis</span> <span class='ocrx_word' id='word_1_428' title='bbox 1261 3167 1330 3216; x_wconf 79' lang='lat' dir='ltr'>epea,</span> <span class='ocrx_word' id='word_1_429' title='bbox 1349 3150 1532 3214; x_wconf 75' lang='lat' dir='ltr'>despiciendus</span> <span class='ocrx_word' id='word_1_430' title='bbox 1546 3147 1605 3196; x_wconf 82' lang='lat' dir='ltr'>eris.</span> 
     </span>
     <span class='ocr_line' id='line_1_57' title="bbox 1044 3221 1644 3280; baseline -0.023 0"><span class='ocrx_word' id='word_1_431' title='bbox 1044 3228 1209 3280; x_wconf 76' lang='lat' dir='ltr'>Criminibus</span> <span class='ocrx_word' id='word_1_432' title='bbox 1224 3241 1328 3277; x_wconf 80' lang='lat' dir='ltr'>marrae</span> <span class='ocrx_word' id='word_1_433' title='bbox 1344 3233 1399 3276; x_wconf 88' lang='lat' dir='ltr'>toto</span> <span class='ocrx_word' id='word_1_434' title='bbox 1417 3223 1551 3274; x_wconf 85' lang='lat' dir='ltr'>eonomine</span> <span class='ocrx_word' id='word_1_435' title='bbox 1566 3221 1644 3274; x_wconf 83' lang='grc'><strong>44444,</strong></span> 
     </span>
     <span class='ocr_line' id='line_1_58' title="bbox 1089 3297 1599 3355; baseline -0.025 0"><span class='ocrx_word' id='word_1_436' title='bbox 1089 3304 1203 3355; x_wconf 80' lang='grc'><strong>4444444</strong></span> <span class='ocrx_word' id='word_1_437' title='bbox 1219 3310 1307 3352; x_wconf 81' lang='lat' dir='ltr'>terror</span> <span class='ocrx_word' id='word_1_438' title='bbox 1319 3302 1408 3350; x_wconf 82' lang='lat' dir='ltr'>cordia</span> <span class='ocrx_word' id='word_1_439' title='bbox 1424 3311 1512 3348; x_wconf 86' lang='lat' dir='ltr'>ornare</span> <span class='ocrx_word' id='word_1_440' title='bbox 1530 3297 1599 3345; x_wconf 81' lang='grc'><strong>44444.</strong></span> 
     </span>
     <span class='ocr_line' id='line_1_59' title="bbox 1043 3369 1626 3438; baseline -0.029 -9"><span class='ocrx_word' id='word_1_441' title='bbox 1043 3383 1106 3429; x_wconf 83' lang='lat' dir='ltr'>sunt</span> <span class='ocrx_word' id='word_1_442' title='bbox 1119 3383 1143 3426; x_wconf 89' lang='lat' dir='ltr'>et</span> <span class='ocrx_word' id='word_1_443' title='bbox 1160 3376 1274 3428; x_wconf 81' lang='lat' dir='ltr'>caudatis</span> <span class='ocrx_word' id='word_1_444' title='bbox 1290 3379 1384 3438; x_wconf 91' lang='lat' dir='ltr'>parlter</span> <span class='ocrx_word' id='word_1_445' title='bbox 1401 3376 1534 3436; x_wconf 82' lang='grc'><strong>4444444444</strong></span> <span class='ocrx_word' id='word_1_446' title='bbox 1546 3369 1626 3418; x_wconf 84' lang='grc'><strong>444444</strong></span> 
     </span>
     <span class='ocr_line' id='line_1_60' title="bbox 1092 3434 1695 3512; baseline -0.038 -9"><span class='ocrx_word' id='word_1_447' title='bbox 1092 3454 1226 3510; x_wconf 79' lang='lat' dir='ltr'>Carmina,</span> <span class='ocrx_word' id='word_1_448' title='bbox 1242 3462 1306 3512; x_wconf 78' lang='lat' dir='ltr'>quoe</span> <span class='ocrx_word' id='word_1_449' title='bbox 1326 3449 1369 3498; x_wconf 93' lang='lat' dir='ltr'>tall</span> <span class='ocrx_word' id='word_1_450' title='bbox 1387 3454 1445 3498; x_wconf 90' lang='lat' dir='ltr'>sunt</span> <span class='ocrx_word' id='word_1_451' title='bbox 1463 3441 1604 3496; x_wconf 90' lang='lat' dir='ltr'>modulanda</span> <span class='ocrx_word' id='word_1_452' title='bbox 1619 3434 1695 3486; x_wconf 90' lang='lat' dir='ltr'>moda:</span> 
     </span>
     <span class='ocr_line' id='line_1_61' title="bbox 1049 3518 1683 3586; baseline -0.035 -8"><span class='ocrx_word' id='word_1_453' title='bbox 1049 3527 1179 3578; x_wconf 81' lang='lat' dir='ltr'>Virtutem</span> <span class='ocrx_word' id='word_1_454' title='bbox 1197 3537 1315 3586; x_wconf 81' lang='lat' dir='ltr'>sequere,</span> <span class='ocrx_word' id='word_1_455' title='bbox 1329 3521 1438 3572; x_wconf 82' lang='lat' dir='ltr'>uirtutis</span> <span class='ocrx_word' id='word_1_456' title='bbox 1454 3518 1569 3583; x_wconf 81' lang='lat' dir='ltr'>proemio</span> <span class='ocrx_word' id='word_1_457' title='bbox 1585 3523 1683 3576; x_wconf 81' lang='lat' dir='ltr'>quaere,</span> 
     </span>
     <span class='ocr_line' id='line_1_62' title="bbox 1092 3595 1644 3652; baseline -0.036 1"><span class='ocrx_word' id='word_1_458' title='bbox 1092 3601 1189 3652; x_wconf 82' lang='lat' dir='ltr'>Omnia</span> <span class='ocrx_word' id='word_1_459' title='bbox 1205 3611 1277 3647; x_wconf 85' lang='lat' dir='ltr'>veno</span> <span class='ocrx_word' id='word_1_460' title='bbox 1297 3605 1355 3646; x_wconf 85' lang='lat' dir='ltr'>tare</span> <span class='ocrx_word' id='word_1_461' title='bbox 1372 3595 1440 3648; x_wconf 83' lang='grc'><strong>444444</strong></span> <span class='ocrx_word' id='word_1_462' title='bbox 1459 3605 1546 3644; x_wconf 87' lang='lat' dir='ltr'>ornere</span> <span class='ocrx_word' id='word_1_463' title='bbox 1560 3600 1644 3638; x_wconf 82' lang='lat' dir='ltr'>meree.</span> 
     </span>
    </p>
   </div>
   <div class='ocr_carea' id='block_1_15' title="bbox 183 3725 1709 4776">
    <p class='ocr_par' dir='ltr' id='par_1_17' title="bbox 288 3725 1708 3806">
     <span class='ocr_line' id='line_1_63' title="bbox 288 3725 1708 3806; baseline -0.006 -24"><span class='ocrx_word' id='word_1_464' title='bbox 288 3733 314 3794; x_wconf 91' lang='lat' dir='ltr'>a)</span> <span class='ocrx_word' id='word_1_465' title='bbox 330 3735 391 3796; x_wconf 79' lang='lat' dir='ltr'>Pagi</span> <span class='ocrx_word' id='word_1_466' title='bbox 408 3733 439 3782; x_wconf 90' lang='lat' dir='ltr'>ad</span> <span class='ocrx_word' id='word_1_467' title='bbox 453 3739 482 3786; x_wconf 85' lang='grc' dir='ltr'><strong>Α.</strong></span> <span class='ocrx_word' id='word_1_468' title='bbox 495 3733 565 3786; x_wconf 80' lang='lat' dir='ltr'>tota.</span> <span class='ocrx_word' id='word_1_469' title='bbox 580 3750 604 3786; x_wconf 88' lang='grc'>4.</span> <span class='ocrx_word' id='word_1_470' title='bbox 616 3737 639 3786; x_wconf 76' lang='lat' dir='ltr'>d.</span> <span class='ocrx_word' id='word_1_471' title='bbox 650 3738 745 3787; x_wconf 81' lang='lat' dir='ltr'>caveus</span> <span class='ocrx_word' id='word_1_472' title='bbox 755 3731 786 3786; x_wconf 93' lang='lat' dir='ltr'>ad</span> <span class='ocrx_word' id='word_1_473' title='bbox 799 3742 827 3785; x_wconf 82' lang='grc' dir='ltr'><strong>Α.</strong></span> <span class='ocrx_word' id='word_1_474' title='bbox 841 3733 910 3794; x_wconf 86' lang='grc'><strong>4404.</strong></span> <span class='ocrx_word' id='word_1_475' title='bbox 921 3741 968 3786; x_wconf 84' lang='grc'><strong>444.</strong></span> <span class='ocrx_word' id='word_1_476' title='bbox 1015 3747 1068 3796; x_wconf 81' lang='lat' dir='ltr'>vn,</span> <span class='ocrx_word' id='word_1_477' title='bbox 1083 3757 1140 3806; x_wconf 66' lang='lat' dir='ltr'>cap.</span> <span class='ocrx_word' id='word_1_478' title='bbox 1155 3743 1179 3790; x_wconf 72' lang='grc'>4,</span> <span class='ocrx_word' id='word_1_479' title='bbox 1191 3742 1301 3802; x_wconf 80' lang='lat' dir='ltr'>cangius</span> <span class='ocrx_word' id='word_1_480' title='bbox 1315 3741 1341 3788; x_wconf 92' lang='grc'>44</span> <span class='ocrx_word' id='word_1_481' title='bbox 1353 3739 1488 3800; x_wconf 70' lang='lat' dir='ltr'>glosatum,</span> <span class='ocrx_word' id='word_1_482' title='bbox 1501 3733 1619 3792; x_wconf 81' lang='lat' dir='ltr'>llenaglua</span> <span class='ocrx_word' id='word_1_483' title='bbox 1630 3729 1652 3777; x_wconf 92' lang='lat' dir='ltr'>lo</span> <span class='ocrx_word' id='word_1_484' title='bbox 1662 3725 1708 3772; x_wconf 88' lang='grc'><strong>044·</strong></span> 
     </span>
    </p>

    <p class='ocr_par' dir='ltr' id='par_1_18' title="bbox 183 3805 1709 4776">
     <span class='ocr_line' id='line_1_64' title="bbox 287 3805 1705 3890; baseline -0.016 -22"><span class='ocrx_word' id='word_1_485' title='bbox 287 3807 316 3868; x_wconf 79' lang='lat' dir='ltr'>b)</span> <span class='ocrx_word' id='word_1_486' title='bbox 335 3813 487 3870; x_wconf 79' lang='lat' dir='ltr'>Quanquam</span> <span class='ocrx_word' id='word_1_487' title='bbox 508 3809 710 3890; x_wconf 64' lang='lat' dir='ltr'>spectatarum</span> <span class='ocrx_word' id='word_1_488' title='bbox 731 3811 871 3874; x_wconf 88' lang='lat' dir='ltr'>lrnprobata</span> <span class='ocrx_word' id='word_1_489' title='bbox 896 3809 972 3860; x_wconf 66' lang='grc'><strong>101444</strong></span> <span class='ocrx_word' id='word_1_490' title='bbox 1015 3821 1117 3882; x_wconf 76' lang='lat' dir='ltr'>glnlbus</span> <span class='ocrx_word' id='word_1_491' title='bbox 1134 3815 1253 3875; x_wconf 83' lang='grc'><strong>04444444,</strong></span> <span class='ocrx_word' id='word_1_492' title='bbox 1272 3816 1376 3864; x_wconf 84' lang='grc'><strong>44444444</strong></span> <span class='ocrx_word' id='word_1_493' title='bbox 1395 3826 1419 3876; x_wconf 91' lang='lat' dir='ltr'>p.</span> <span class='ocrx_word' id='word_1_494' title='bbox 1437 3807 1489 3858; x_wconf 89' lang='grc'><strong>404.</strong></span> <span class='ocrx_word' id='word_1_495' title='bbox 1505 3809 1611 3867; x_wconf 87' lang='lat' dir='ltr'>althue:</span> <span class='ocrx_word' id='word_1_496' title='bbox 1627 3805 1705 3850; x_wconf 77' lang='grc'><strong>444444</strong></span> 
     </span>
     <span class='ocr_line' id='line_1_65' title="bbox 242 3879 1709 3956; baseline -0.011 -16"><span class='ocrx_word' id='word_1_497' title='bbox 242 3891 304 3940; x_wconf 94' lang='lat' dir='ltr'>ollm</span> <span class='ocrx_word' id='word_1_498' title='bbox 316 3897 340 3940; x_wconf 86' lang='lat' dir='ltr'>et</span> <span class='ocrx_word' id='word_1_499' title='bbox 353 3891 431 3940; x_wconf 86' lang='lat' dir='ltr'>vitata</span> <span class='ocrx_word' id='word_1_500' title='bbox 444 3891 633 3942; x_wconf 76' lang='lat' dir='ltr'>abonlsl‘oetls</span> <span class='ocrx_word' id='word_1_501' title='bbox 646 3899 889 3956; x_wconf 83' lang='lat' dir='ltr'>constarepoteatea</span> <span class='ocrx_word' id='word_1_502' title='bbox 900 3891 971 3942; x_wconf 83' lang='grc'><strong>044444</strong></span> <span class='ocrx_word' id='word_1_503' title='bbox 1016 3907 1134 3945; x_wconf 78' lang='lat' dir='ltr'>versuum</span> <span class='ocrx_word' id='word_1_504' title='bbox 1154 3895 1180 3942; x_wconf 90' lang='lat' dir='ltr'>ln</span> <span class='ocrx_word' id='word_1_505' title='bbox 1197 3889 1289 3940; x_wconf 81' lang='lat' dir='ltr'>slmiles</span> <span class='ocrx_word' id='word_1_506' title='bbox 1306 3900 1380 3938; x_wconf 84' lang='lat' dir='ltr'>sonos</span> <span class='ocrx_word' id='word_1_507' title='bbox 1397 3885 1560 3936; x_wconf 76' lang='lat' dir='ltr'>desinentium</span> <span class='ocrx_word' id='word_1_508' title='bbox 1585 3887 1649 3928; x_wconf 83' lang='lat' dir='ltr'>usum</span> <span class='ocrx_word' id='word_1_509' title='bbox 1667 3879 1709 3935; x_wconf 78' lang='grc'><strong>4441</strong></span> 
     </span>
     <span class='ocr_line' id='line_1_66' title="bbox 242 3948 1706 4034; baseline -0.01 -18"><span class='ocrx_word' id='word_1_510' title='bbox 242 3969 327 4017; x_wconf 71' lang='grc'><strong>44444.</strong></span> <span class='ocrx_word' id='word_1_511' title='bbox 340 3967 363 4015; x_wconf 84' lang='grc'><strong>8.</strong></span> <span class='ocrx_word' id='word_1_512' title='bbox 381 3973 406 4016; x_wconf 89' lang='lat' dir='ltr'>et</span> <span class='ocrx_word' id='word_1_513' title='bbox 422 3980 452 4017; x_wconf 86' lang='lat' dir='ltr'>ea</span> <span class='ocrx_word' id='word_1_514' title='bbox 469 3970 500 4016; x_wconf 84' lang='lat' dir='ltr'>tte</span> <span class='ocrx_word' id='word_1_515' title='bbox 515 3977 580 4030; x_wconf 90' lang='lat' dir='ltr'>quae</span> <span class='ocrx_word' id='word_1_516' title='bbox 597 3969 628 4018; x_wconf 93' lang='lat' dir='ltr'>ad</span> <span class='ocrx_word' id='word_1_517' title='bbox 645 3968 776 4017; x_wconf 85' lang='lat' dir='ltr'>tuvennltr</span> <span class='ocrx_word' id='word_1_518' title='bbox 791 3970 821 4017; x_wconf 78' lang='lat'>1.</span> <span class='ocrx_word' id='word_1_519' title='bbox 842 3966 895 4016; x_wconf 76' lang='lat' dir='ltr'>tao.</span> <span class='ocrx_word' id='word_1_520' title='bbox 920 3968 969 4017; x_wconf 84' lang='grc'><strong>4444</strong></span> <span class='ocrx_word' id='word_1_521' title='bbox 1015 3968 1129 4034; x_wconf 85' lang='lat' dir='ltr'>plnrlbue</span> <span class='ocrx_word' id='word_1_522' title='bbox 1144 3973 1203 4016; x_wconf 85' lang='lat' dir='ltr'>anta</span> <span class='ocrx_word' id='word_1_523' title='bbox 1220 3963 1310 4015; x_wconf 85' lang='lat' dir='ltr'>aeculls</span> <span class='ocrx_word' id='word_1_524' title='bbox 1327 3969 1352 4012; x_wconf 85' lang='lat' dir='ltr'>et</span> <span class='ocrx_word' id='word_1_525' title='bbox 1370 3974 1419 4012; x_wconf 89' lang='grc'>444</span> <span class='ocrx_word' id='word_1_526' title='bbox 1435 3965 1532 4009; x_wconf 89' lang='lat' dir='ltr'>tantum</span> <span class='ocrx_word' id='word_1_527' title='bbox 1546 3957 1572 4003; x_wconf 80' lang='lat' dir='ltr'>x.</span> <span class='ocrx_word' id='word_1_528' title='bbox 1588 3957 1610 4001; x_wconf 83' lang='lat' dir='ltr'>at</span> <span class='ocrx_word' id='word_1_529' title='bbox 1625 3951 1657 3997; x_wconf 87' lang='lat' dir='ltr'>xt.</span> <span class='ocrx_word' id='word_1_530' title='bbox 1682 3948 1706 3992; x_wconf 77' lang='grc'>44</span> 
     </span>
     <span class='ocr_line' id='line_1_67' title="bbox 241 4017 1706 4102; baseline -0.012 -10"><span class='ocrx_word' id='word_1_531' title='bbox 241 4043 309 4094; x_wconf 81' lang='grc'><strong>444444</strong></span> <span class='ocrx_word' id='word_1_532' title='bbox 327 4045 497 4092; x_wconf 78' lang='lat' dir='ltr'>annotarunt:</span> <span class='ocrx_word' id='word_1_533' title='bbox 516 4047 601 4091; x_wconf 87' lang='lat' dir='ltr'>tamen</span> <span class='ocrx_word' id='word_1_534' title='bbox 618 4045 708 4094; x_wconf 78' lang='lat' dir='ltr'>Poetae</span> <span class='ocrx_word' id='word_1_535' title='bbox 725 4044 825 4092; x_wconf 82' lang='lat' dir='ltr'>Latlnoe</span> <span class='ocrx_word' id='word_1_536' title='bbox 841 4043 967 4102; x_wconf 50' lang='grc' dir='ltr'>44444444Ι</span> <span class='ocrx_word' id='word_1_537' title='bbox 1015 4051 1117 4094; x_wconf 88' lang='lat' dir='ltr'>notatur</span> <span class='ocrx_word' id='word_1_538' title='bbox 1134 4044 1160 4090; x_wconf 90' lang='lat' dir='ltr'>ln</span> <span class='ocrx_word' id='word_1_539' title='bbox 1181 4041 1412 4089; x_wconf 80' lang='lat' dir='ltr'>totta—Sanctorum</span> <span class='ocrx_word' id='word_1_540' title='bbox 1429 4040 1488 4082; x_wconf 85' lang='lat' dir='ltr'>tour.</span> <span class='ocrx_word' id='word_1_541' title='bbox 1507 4030 1518 4079; x_wconf 94' lang='grc'>4</span> <span class='ocrx_word' id='word_1_542' title='bbox 1539 4027 1603 4078; x_wconf 85' lang='grc'><strong>44444</strong></span> <span class='ocrx_word' id='word_1_543' title='bbox 1615 4017 1706 4085; x_wconf 58' lang='lat' dir='ltr'>pasl&amp;</span> 
     </span>
     <span class='ocr_line' id='line_1_68' title="bbox 186 4097 1709 4180; baseline -0.017 -16"><span class='ocrx_word' id='word_1_544' title='bbox 186 4129 192 4136; x_wconf 93' lang='lat'>·</span> <span class='ocrx_word' id='word_1_545' title='bbox 237 4120 314 4166; x_wconf 86' lang='lat' dir='ltr'>stmos</span> <span class='ocrx_word' id='word_1_546' title='bbox 331 4119 408 4165; x_wconf 89' lang='lat' dir='ltr'>etlam</span> <span class='ocrx_word' id='word_1_547' title='bbox 424 4120 584 4178; x_wconf 82' lang='lat' dir='ltr'>optimosque</span> <span class='ocrx_word' id='word_1_548' title='bbox 600 4130 630 4168; x_wconf 80' lang='lat' dir='ltr'>aa</span> <span class='ocrx_word' id='word_1_549' title='bbox 651 4129 701 4167; x_wconf 92' lang='lat' dir='ltr'>non</span> <span class='ocrx_word' id='word_1_550' title='bbox 719 4128 823 4179; x_wconf 85' lang='lat' dir='ltr'>prorsus</span> <span class='ocrx_word' id='word_1_551' title='bbox 852 4117 970 4177; x_wconf 70' lang='grc'><strong>40444444</strong></span> <span class='ocrx_word' id='word_1_552' title='bbox 1016 4131 1068 4180; x_wconf 81' lang='lat' dir='ltr'>seq.</span> <span class='ocrx_word' id='word_1_553' title='bbox 1084 4129 1100 4167; x_wconf 89' lang='lat' dir='ltr'>a</span> <span class='ocrx_word' id='word_1_554' title='bbox 1117 4126 1184 4164; x_wconf 93' lang='lat' dir='ltr'>nono</span> <span class='ocrx_word' id='word_1_555' title='bbox 1199 4116 1251 4176; x_wconf 72' lang='lat' dir='ltr'>lam</span> <span class='ocrx_word' id='word_1_556' title='bbox 1267 4117 1342 4172; x_wconf 88' lang='lat' dir='ltr'>atque</span> <span class='ocrx_word' id='word_1_557' title='bbox 1354 4115 1443 4159; x_wconf 88' lang='lat' dir='ltr'>octavo</span> <span class='ocrx_word' id='word_1_558' title='bbox 1455 4103 1586 4156; x_wconf 80' lang='lat' dir='ltr'>obtinuisse</span> <span class='ocrx_word' id='word_1_559' title='bbox 1596 4097 1659 4146; x_wconf 82' lang='lat' dir='ltr'>docet</span> <span class='ocrx_word' id='word_1_560' title='bbox 1670 4104 1709 4139; x_wconf 88' lang='grc'>44·</span> 
     </span>
     <span class='ocr_line' id='line_1_69' title="bbox 242 4173 1708 4254; baseline -0.016 -14"><span class='ocrx_word' id='word_1_561' title='bbox 242 4191 332 4254; x_wconf 87' lang='lat' dir='ltr'>probat</span> <span class='ocrx_word' id='word_1_562' title='bbox 348 4191 510 4245; x_wconf 81' lang='lat' dir='ltr'>casaubonus</span> <span class='ocrx_word' id='word_1_563' title='bbox 527 4194 558 4242; x_wconf 87' lang='lat' dir='ltr'>ad</span> <span class='ocrx_word' id='word_1_564' title='bbox 575 4195 690 4242; x_wconf 80' lang='lat' dir='ltr'>Persium</span> <span class='ocrx_word' id='word_1_565' title='bbox 708 4205 767 4254; x_wconf 80' lang='lat' dir='ltr'>pag.</span> <span class='ocrx_word' id='word_1_566' title='bbox 782 4191 827 4242; x_wconf 77' lang='lat' dir='ltr'>tao</span> <span class='ocrx_word' id='word_1_567' title='bbox 850 4204 901 4252; x_wconf 84' lang='lat' dir='ltr'>seq.</span> <span class='ocrx_word' id='word_1_568' title='bbox 916 4193 970 4238; x_wconf 88' lang='grc'><strong>4444-</strong></span> <span class='ocrx_word' id='word_1_569' title='bbox 1016 4199 1070 4244; x_wconf 88' lang='grc'><strong>4444</strong></span> <span class='ocrx_word' id='word_1_570' title='bbox 1089 4191 1294 4240; x_wconf 85' lang='lat' dir='ltr'>observationum</span> <span class='ocrx_word' id='word_1_571' title='bbox 1310 4186 1460 4235; x_wconf 87' lang='lat' dir='ltr'>crltlcarum</span> <span class='ocrx_word' id='word_1_572' title='bbox 1476 4181 1505 4230; x_wconf 90' lang='lat' dir='ltr'>de</span> <span class='ocrx_word' id='word_1_573' title='bbox 1517 4177 1581 4240; x_wconf 78' lang='lat' dir='ltr'>potat</span> <span class='ocrx_word' id='word_1_574' title='bbox 1593 4179 1615 4222; x_wconf 87' lang='lat' dir='ltr'>et</span> <span class='ocrx_word' id='word_1_575' title='bbox 1626 4173 1708 4233; x_wconf 82' lang='lat' dir='ltr'>pletura</span> 
     </span>
     <span class='ocr_line' id='line_1_70' title="bbox 242 4240 1707 4328; baseline -0.008 -14"><span class='ocrx_word' id='word_1_576' title='bbox 242 4265 383 4315; x_wconf 83' lang='grc'><strong>4444444444</strong></span> <span class='ocrx_word' id='word_1_577' title='bbox 400 4265 431 4314; x_wconf 88' lang='grc'>44</span> <span class='ocrx_word' id='word_1_578' title='bbox 449 4269 597 4327; x_wconf 84' lang='lat' dir='ltr'>ngurloum</span> <span class='ocrx_word' id='word_1_579' title='bbox 615 4266 739 4316; x_wconf 79' lang='lat' dir='ltr'>Guntberl</span> <span class='ocrx_word' id='word_1_580' title='bbox 757 4279 814 4328; x_wconf 78' lang='lat' dir='ltr'>paq.</span> <span class='ocrx_word' id='word_1_581' title='bbox 831 4266 970 4314; x_wconf 78' lang='lat' dir='ltr'>btl’etrua</span> <span class='ocrx_word' id='word_1_582' title='bbox 1017 4269 1142 4317; x_wconf 84' lang='lat' dir='ltr'>editarum</span> <span class='ocrx_word' id='word_1_583' title='bbox 1159 4262 1252 4312; x_wconf 82' lang='lat' dir='ltr'>ualtree</span> <span class='ocrx_word' id='word_1_584' title='bbox 1268 4263 1346 4310; x_wconf 76' lang='lat' dir='ltr'>Paria.</span> <span class='ocrx_word' id='word_1_585' title='bbox 1364 4257 1432 4308; x_wconf 87' lang='grc'><strong>4740.</strong></span> <span class='ocrx_word' id='word_1_586' title='bbox 1450 4255 1487 4304; x_wconf 72' lang='lat' dir='ltr'>ld.</span> <span class='ocrx_word' id='word_1_587' title='bbox 1513 4263 1565 4313; x_wconf 90' lang='lat' dir='ltr'>eap.</span> <span class='ocrx_word' id='word_1_588' title='bbox 1590 4247 1626 4296; x_wconf 76' lang='grc'>40·</span> <span class='ocrx_word' id='word_1_589' title='bbox 1653 4240 1707 4290; x_wconf 65' lang='grc'><strong>4444</strong></span> 
     </span>
     <span class='ocr_line' id='line_1_71' title="bbox 241 4317 1707 4404; baseline -0.014 -17"><span class='ocrx_word' id='word_1_590' title='bbox 241 4343 403 4388; x_wconf 78' lang='lat' dir='ltr'>Burmannus</span> <span class='ocrx_word' id='word_1_591' title='bbox 422 4341 447 4388; x_wconf 93' lang='lat' dir='ltr'>ln</span> <span class='ocrx_word' id='word_1_592' title='bbox 468 4343 594 4402; x_wconf 80' lang='lat' dir='ltr'>sapientia</span> <span class='ocrx_word' id='word_1_593' title='bbox 604 4341 777 4404; x_wconf 70' lang='lat' dir='ltr'>hyperboreae</span> <span class='ocrx_word' id='word_1_594' title='bbox 791 4351 850 4402; x_wconf 86' lang='lat' dir='ltr'>pag.</span> <span class='ocrx_word' id='word_1_595' title='bbox 861 4340 901 4388; x_wconf 87' lang='grc'><strong>87.</strong></span> <span class='ocrx_word' id='word_1_596' title='bbox 914 4350 967 4400; x_wconf 84' lang='lat' dir='ltr'>seq.</span> <span class='ocrx_word' id='word_1_597' title='bbox 1015 4345 1139 4390; x_wconf 75' lang='lat' dir='ltr'>uenatum</span> <span class='ocrx_word' id='word_1_598' title='bbox 1151 4338 1279 4390; x_wconf 85' lang='grc'><strong>4444444444</strong></span> <span class='ocrx_word' id='word_1_599' title='bbox 1291 4338 1316 4385; x_wconf 90' lang='grc'>44</span> <span class='ocrx_word' id='word_1_600' title='bbox 1331 4333 1510 4396; x_wconf 80' lang='lat' dir='ltr'>prolegomenla</span> <span class='ocrx_word' id='word_1_601' title='bbox 1521 4329 1550 4376; x_wconf 88' lang='lat' dir='ltr'>ad</span> <span class='ocrx_word' id='word_1_602' title='bbox 1561 4320 1661 4375; x_wconf 82' lang='lat' dir='ltr'>scholare</span> <span class='ocrx_word' id='word_1_603' title='bbox 1671 4317 1707 4362; x_wconf 82' lang='grc'>44·</span> 
     </span>
     <span class='ocr_line' id='line_1_72' title="bbox 242 4393 1707 4475; baseline -0.014 -15"><span class='ocrx_word' id='word_1_604' title='bbox 242 4415 303 4460; x_wconf 82' lang='lat' dir='ltr'>etit·</span> <span class='ocrx_word' id='word_1_605' title='bbox 314 4416 404 4475; x_wconf 80' lang='lat' dir='ltr'>Georg.</span> <span class='ocrx_word' id='word_1_606' title='bbox 418 4413 575 4464; x_wconf 80' lang='lat' dir='ltr'>Christianus</span> <span class='ocrx_word' id='word_1_607' title='bbox 588 4415 700 4464; x_wconf 80' lang='lat' dir='ltr'>Oebaver</span> <span class='ocrx_word' id='word_1_608' title='bbox 714 4417 740 4464; x_wconf 91' lang='lat' dir='ltr'>lo</span> <span class='ocrx_word' id='word_1_609' title='bbox 752 4412 812 4463; x_wconf 86' lang='lat' dir='ltr'>dlas.</span> <span class='ocrx_word' id='word_1_610' title='bbox 823 4425 869 4475; x_wconf 92' lang='lat' dir='ltr'>pro</span> <span class='ocrx_word' id='word_1_611' title='bbox 882 4413 970 4474; x_wconf 74' lang='lat' dir='ltr'>rhrth·</span> <span class='ocrx_word' id='word_1_612' title='bbox 1017 4415 1167 4465; x_wconf 85' lang='lat' dir='ltr'>lernltanam</span> <span class='ocrx_word' id='word_1_613' title='bbox 1185 4426 1208 4463; x_wconf 91' lang='grc'>4.</span> <span class='ocrx_word' id='word_1_614' title='bbox 1224 4410 1252 4459; x_wconf 89' lang='grc'>4.</span> <span class='ocrx_word' id='word_1_615' title='bbox 1263 4422 1314 4472; x_wconf 76' lang='lat' dir='ltr'>seq.</span> <span class='ocrx_word' id='word_1_616' title='bbox 1328 4414 1353 4458; x_wconf 86' lang='lat' dir='ltr'>et</span> <span class='ocrx_word' id='word_1_617' title='bbox 1366 4406 1431 4470; x_wconf 90' lang='lat' dir='ltr'>apud</span> <span class='ocrx_word' id='word_1_618' title='bbox 1443 4404 1564 4454; x_wconf 89' lang='lat' dir='ltr'>laudatum</span> <span class='ocrx_word' id='word_1_619' title='bbox 1575 4393 1707 4444; x_wconf 77' lang='lat' dir='ltr'>demonum</span> 
     </span>
     <span class='ocr_line' id='line_1_73' title="bbox 244 4465 1708 4554; baseline -0.008 -21"><span class='ocrx_word' id='word_1_620' title='bbox 244 4489 291 4536; x_wconf 87' lang='lat' dir='ltr'>mla</span> <span class='ocrx_word' id='word_1_621' title='bbox 308 4489 418 4538; x_wconf 76' lang='lat' dir='ltr'>Polttela</span> <span class='ocrx_word' id='word_1_622' title='bbox 435 4501 492 4552; x_wconf 75' lang='lat' dir='ltr'>trag.</span> <span class='ocrx_word' id='word_1_623' title='bbox 509 4489 565 4538; x_wconf 71' lang='lat'>282.</span> <span class='ocrx_word' id='word_1_624' title='bbox 583 4501 637 4550; x_wconf 89' lang='lat' dir='ltr'>aeq.</span> <span class='ocrx_word' id='word_1_625' title='bbox 661 4489 883 4550; x_wconf 80' lang='lat' dir='ltr'>anthologlearum</span> <span class='ocrx_word' id='word_1_626' title='bbox 909 4490 971 4538; x_wconf 74' lang='lat' dir='ltr'>dtas.</span> <span class='ocrx_word' id='word_1_627' title='bbox 1016 4505 1040 4554; x_wconf 88' lang='lat' dir='ltr'>p.</span> <span class='ocrx_word' id='word_1_628' title='bbox 1058 4488 1113 4538; x_wconf 81' lang='lat' dir='ltr'>etl.</span> <span class='ocrx_word' id='word_1_629' title='bbox 1130 4493 1206 4548; x_wconf 89' lang='lat' dir='ltr'>etque</span> <span class='ocrx_word' id='word_1_630' title='bbox 1224 4485 1329 4534; x_wconf 77' lang='grc'><strong>44444444</strong></span> <span class='ocrx_word' id='word_1_631' title='bbox 1348 4481 1471 4544; x_wconf 80' lang='grc'><strong>4444444444</strong></span> <span class='ocrx_word' id='word_1_632' title='bbox 1492 4475 1567 4526; x_wconf 81' lang='grc'><strong>4444444</strong></span> <span class='ocrx_word' id='word_1_633' title='bbox 1598 4465 1708 4517; x_wconf 74' lang='grc' dir='ltr'>4444441441Ι</span> 
     </span>
     <span class='ocr_line' id='line_1_74' title="bbox 244 4558 1419 4627; baseline -0.001 -21"><span class='ocrx_word' id='word_1_634' title='bbox 244 4559 331 4606; x_wconf 66' lang='lat' dir='ltr'>atesi</span> <span class='ocrx_word' id='word_1_635' title='bbox 358 4574 410 4623; x_wconf 86' lang='lat' dir='ltr'>seq.</span> <span class='ocrx_word' id='word_1_636' title='bbox 429 4562 461 4611; x_wconf 87' lang='lat' dir='ltr'>ad</span> <span class='ocrx_word' id='word_1_637' title='bbox 478 4563 626 4614; x_wconf 78' lang='lat' dir='ltr'>dtaa.1·3ltae</span> <span class='ocrx_word' id='word_1_638' title='bbox 643 4565 743 4627; x_wconf 68' lang='lat' dir='ltr'>Materte</span> <span class='ocrx_word' id='word_1_639' title='bbox 760 4569 785 4612; x_wconf 86' lang='lat' dir='ltr'>et</span> <span class='ocrx_word' id='word_1_640' title='bbox 802 4575 826 4624; x_wconf 92' lang='lat' dir='ltr'>p.</span> <span class='ocrx_word' id='word_1_641' title='bbox 843 4563 900 4613; x_wconf 75' lang='grc'><strong>444.</strong></span> <span class='ocrx_word' id='word_1_642' title='bbox 918 4575 969 4625; x_wconf 86' lang='lat' dir='ltr'>seq.</span> <span class='ocrx_word' id='word_1_643' title='bbox 1016 4565 1267 4627; x_wconf 79' lang='lat' dir='ltr'>diplomaticampag</span> <span class='ocrx_word' id='word_1_644' title='bbox 1294 4558 1347 4608; x_wconf 84' lang='grc'><strong>4440.</strong></span> <span class='ocrx_word' id='word_1_645' title='bbox 1368 4569 1419 4620; x_wconf 83' lang='lat' dir='ltr'>seq.</span> 
     </span>
     <span class='ocr_line' id='line_1_75' title="bbox 183 4609 1705 4699; baseline -0.002 -18"><span class='ocrx_word' id='word_1_646' title='bbox 183 4659 187 4666; x_wconf 90' lang='lat'><em>-</em></span> <span class='ocrx_word' id='word_1_647' title='bbox 245 4633 364 4690; x_wconf 81' lang='lat' dir='ltr'>Quamvis</span> <span class='ocrx_word' id='word_1_648' title='bbox 380 4639 457 4686; x_wconf 90' lang='lat' dir='ltr'>etlam</span> <span class='ocrx_word' id='word_1_649' title='bbox 476 4649 490 4685; x_wconf 92' lang='lat' dir='ltr'>n</span> <span class='ocrx_word' id='word_1_650' title='bbox 507 4641 588 4688; x_wconf 84' lang='lat' dir='ltr'>Leone</span> <span class='ocrx_word' id='word_1_651' title='bbox 604 4639 686 4689; x_wconf 87' lang='lat' dir='ltr'>secult</span> <span class='ocrx_word' id='word_1_652' title='bbox 703 4640 756 4686; x_wconf 72' lang='grc'><strong>444.</strong></span> <span class='ocrx_word' id='word_1_653' title='bbox 779 4639 856 4686; x_wconf 78' lang='lat' dir='ltr'>Poeta</span> <span class='ocrx_word' id='word_1_654' title='bbox 884 4649 971 4687; x_wconf 81' lang='lat' dir='ltr'>versus</span> <span class='ocrx_word' id='word_1_655' title='bbox 1060 4637 1200 4699; x_wconf 62' lang='grc'><strong>44444444</strong></span> <span class='ocrx_word' id='word_1_656' title='bbox 1217 4633 1425 4686; x_wconf 64' lang='lat' dir='ltr'>atellanarum</span> <span class='ocrx_word' id='word_1_657' title='bbox 1441 4609 1705 4680; x_wconf 60' lang='lat' dir='ltr'>inmunditiam</span> 
     </span>
     <span class='ocr_line' id='line_1_76' title="bbox 245 4709 961 4776; baseline 0.008 -22"><span class='ocrx_word' id='word_1_658' title='bbox 245 4709 369 4757; x_wconf 84' lang='lat' dir='ltr'>Leonlnos</span> <span class='ocrx_word' id='word_1_659' title='bbox 386 4717 501 4772; x_wconf 86' lang='lat' dir='ltr'>repetunt</span> <span class='ocrx_word' id='word_1_660' title='bbox 522 4716 672 4776; x_wconf 72' lang='lat' dir='ltr'>resqulerua</span> <span class='ocrx_word' id='word_1_661' title='bbox 689 4713 898 4774; x_wconf 85' lang='lat' dir='ltr'>dlsqulsltionum</span> <span class='ocrx_word' id='word_1_662' title='bbox 927 4711 961 4762; x_wconf 89' lang='grc'>444</span> 
     </span>
    </p>
   </div>
   <div class='ocr_carea' id='block_1_16' title="bbox 0 0 1835 5604">
    <p class='ocr_par' dir='ltr' id='par_1_19' title="bbox 0 0 1835 5604">
     <span class='ocr_line' id='line_1_77' title="bbox 0 0 1835 5604; baseline 0 0"><span class='ocrx_word' id='word_1_663' title='bbox 0 0 1835 5604; x_wconf 95' lang='lat' dir='ltr'> </span> 
     </span>
    </p>
   </div>
  </div>
 </body>
</html>
