3562 5580
231 117 271 177 93
816 117 1145 183 6336034448

222 223 311 284 4370.
329 221 483 283 Decembr.
503 220 605 282 3046
625 220 746 283 dunum
767 223 854 285 4378.
870 227 945 287 blar-
997 225 1152 288 rubinum:
1175 231 1265 304 atque
1280 225 1376 286 editae
1397 241 1450 304 per
1470 227 1621 287 bertricum
1634 227 1689 288 lila-

221 315 313 378 44437.
325 318 368 376 De
383 316 438 375 boc
457 316 598 376 Daluzlus
611 317 639 374 44
651 317 739 395 Papis
754 317 944 380 Avenionen-
996 318 1089 395 dium,
1112 317 1311 396 Flabiobrigae
1332 318 1417 380 4583.
1440 319 1467 378 4.
1482 319 1584 398 Ecloga
1611 320 1691 380 bulla-

218 409 302 471 sibus
319 417 350 469 et
364 409 543 470 Franciscus
562 410 741 486 bosquetus.
771 409 846 488 Ejus
858 412 945 473 'cou-
996 429 1064 473 rum
1085 418 1117 472 et
1137 412 1415 489 motupropn'orum.
1447 405 1691 490 Lagalasso.

218 503 392 563 stitutiones
409 505 440 560 st
458 502 609 579 Epistolae
628 518 682 561 sex
701 505 730 562 in
756 505 846 563 tomis
867 504 945 565 con·
998 503 1212 568 calendarium
1220 504 1434 580 Gregorianum
1446 510 1614 582 perpetuum
1622 505 1693 564 3444.

216 597 361 656 ciliorum.
380 593 452 654 Vide
470 595 607 655 biblioth.
627 593 772 656 Graecam
795 602 866 658 tom.
890 597 941 658 xl.
983 597 1077 660 ’4583
1111 596 1189 675 quod
1212 594 1446 656 Arabiceetiam
1469 595 1610 656 redditum
1636 581 1693 656 eta
1758 627 1760 648 .

216 705 282 766 pag.
297 689 364 748 658.
380 688 620 748 constitutiones
640 689 678 748 X.
697 689 725 763 ip
744 688 872 750 bullario
887 692 942 750 La·
996 691 1110 753 loanne
1131 691 1266 768 Baptista
1288 689 1379 749 Gabio
1399 677 1693 750 assemblatas.

216 781 264 839 4444
281 779 443 840 cherubini
461 786 533 838 tom.
553 781 581 841 l.
599 795 664 859 pag.
683 781 751 842 383.
768 797 830 860 seq.
998 785 1015 844 t
1032 785 1251 860 defensamque
1280 788 1311 842 et
1326 784 1507 861 explicat-um
1535 797 1552 841 a
1580 779 1693 842 christo

262 867 480 932 Testamentum
497 873 578 953 apud
596 873 777 935 Dacherium
803 882 875 936 tom
896 877 943 937 Vl.
995 876 1089 956 pboro
1111 874 1215 938 Clario
1236 874 1370 952 aliisque.
1391 875 1524 936 censura
1548 873 1692 934 bibliorum

215 965 348 1044 spicileg.
364 981 430 1043 pag.
449 965 518 1026 675.
537 965 689 1044 (editionis
708 983 804 1028 novae
822 975 895 1028 tom.
914 972 941 1028 3.
996 969 1177 1032 Gallicorum
1190 967 1295 1026 Renati
1311 967 1469 1042 Benedicti,
1484 969 1564 1026 3444.
1581 963 1660 1026 4575.
1669 965 1691 1022 8.

215 1074 281 1136 pag.
301 1057 370 1118 738.
389 1058 541 1137 Epistolae
559 1066 622 1120 tres
637 1063 710 1119 tom.
730 1061 777 1120 Vl.
793 1077 859 1140 pag.
872 1061 940 1122 398.
1035 1060 1252 1122 6336034443
1266 1059 1344 1120 xlv.
1360 1065 1448 1120 antea
1463 1055 1601 1119 Nicotaus
1622 1053 1697 1135 8444-

215 1156 247 1211 44
264 1157 336 1210 tom.
354 1153 395 1212 lll
414 1169 478 1230 pag.
497 1153 564 1213 389.
585 1152 732 1228 4464444444
754 1169 850 1214 novae
867 1160 939 1214 tom.
996 1153 1114 1227 44444444,
1133 1151 1374 1228 ltediolnrrensls,
1393 1153 1471 1230 Papa
1487 1151 1524 1211 ab
1544 1151 1598 1210 An.
1619 1151 1630 1209 4
1637 1149 1694 1210 590.

82 1313 87 1321 ,
215 1245 244 1304 3.
259 1259 327 1322 pag.
342 1242 421 1320 737.)
440 1245 544 1305 Plures
566 1245 645 1324 apud
661 1249 806 1307 Dzovium
823 1253 846 1306 t.
863 1247 941 1308 xlv.
997 1245 1155 1307 Decembr.
1173 1246 1201 1306 5.
1216 1244 1253 1304 ad
1270 1244 1392 1305 Annum
1420 1245 1507 1305 4594.
1521 1241 1637 1304 Octobr.
1658 1243 1696 1300 44.

215 1334 423 1414 Waddingum
438 1343 510 1397 tom.
529 1337 571 1398 lV'
582 1337 688 1422 Annal.
707 1338 777 1399 Ord.
793 1341 896 1400 Minor.
910 1346 942 1400 et
996 1338 1033 1399 de
1050 1355 1111 1416 quo
1129 1343 1246 1416 praeter
1260 1336 1333 1398 Lud.
1349 1337 1492 1398 iacobum
1507 1353 1571 1415 pag.
1589 1335 1651 1395 400.
1659 1334 1698 1392 34-

213 1430 244 1486 44
261 1429 390 1506 Regesto
418 1429 612 1490 Pontificum:
631 1431 789 1492 baluzium
812 1438 884 1491 tom.
908 1435 936 1492 3.
999 1431 1102 1492 blioth.
1125 1429 1314 1502 Poplicolae,
1337 1431 1512 1490 Francisous
1543 1428 1653 1489 Aristus
1674 1427 1698 1484 in

213 1518 317 1598 Paper.
333 1520 537 1584 dvenioneos.
566 1539 632 1602 pag.
667 1522 736 1584 775.
770 1523 838 1584 778.
870 1523 939 1588 793.
995 1521 1143 1586 Cremona
1160 1525 1278 1584 44444444
1294 1531 1365 1583 tom
1384 1524 1458 1600 il..p
1485 1523 1553 1583 4444.
1573 1537 1617 1598 sq.
1630 1520 1696 1580 con-

213 1613 284 1674 804.
302 1613 370 1674 805.
387 1615 455 1678 806.
474 1617 545 1677 840.
562 1619 631 1678 titt.
994 1619 1168 1678 stitutiones
1195 1617 1262 1693 4444
1289 1619 1371 1677 xlx.
1403 1618 1433 1675 44
1457 1615 1580 1676 bullario
1603 1612 1697 1674 4434444

255 1705 474 1769 6336034448
489 1709 555 1769 xli.
578 1717 667 1771 antea
688 1687 821 1790 Angelus
837 1694 941 1774 dece
993 1709 1156 1770 cberubini
1171 1710 1287 1776 44443.
1301 1725 1368 1788 pag.
1341 1710 1438 1770 699
1451 1725 1513 1786 seq
1526 1703 1697 1782 Contraejus

142 1864 152 1876 „
213 1799 310 1875 rorte,
325 1801 468 1877 Venetus,
485 1805 561 1879 Papa
579 1801 660 1866 abd.
674 1805 761 1864 4406.
777 1805 937 1865 Novembr.
992 1802 1115 1863 brutum
1144 1801 1256 1862 tulmen
1288 1805 1316 1862 io
1339 1803 1498 1862 llenrieum
1520 1801 1568 1861 lV.
1592 1799 1698 1858 Franci-

217 1893 265 1954 30.
284 1893 461 1956 eddanum
481 1897 569 1957 4445.
584 1896 643 1955 444.
662 1897 688 1955 4.
707 1897 756 1956 4444
775 1909 838 1975 per
850 1899 939 1959 caro
992 1911 1063 1956 scus
1080 1895 1413 1973 llotomannuaaliique.
1428 1893 1576 1956 conclave
1591 1892 1698 1952 electio·

216 1987 280 2047 lum
314 1985 501 2049 Malatestam
535 1992 646 2068 Papatu
678 2005 711 2049 se
736 1989 886 2050 abdicavit
908 1993 937 2051 44
994 1988 1041 2047 444
1059 1983 1698 2066 bujuaGregoriiellS.ltalicoeditumdu-

215 2080 590 2142 Concilioconstantiensl.
603 2083 675 2142 Vide
686 2085 785 2143 llerm.
796 2085 833 2144 ab
845 2083 940 2144 llardt
993 2080 1067 2160 glise
1087 2078 1177 2139 lond.
1195 2079 1282 2142 4730.
1460 2125 1464 2130 .,

213 2178 284 2231 tom.
304 2173 350 2232 44.
371 2190 439 2252 pag.
457 2173 515 2234 346
534 2191 617 2252 seqq.
648 2175 706 2240 370
732 2192 796 2252 seq.
820 2174 887 2234 474.
907 2181 938 2236 44
1033 2171 1250 2234 6336034443
1267 2174 1330 2234 XV.
1351 2178 1440 2233 antea
1454 2168 1631 2232 4444444444
1653 2169 1717 2230 tu·-

212 2266 280 2325 899.
298 2267 365 2344 lpse
380 2267 542 2329 defunctus
559 2267 614 2327 lln.
635 2266 721 2328 4447.
747 2270 794 2327 48.
817 2267 936 2328 Octobr.
993 2265 1136 2342 4444444444,
1149 2267 1346 2326 Bononiensis
1362 2309 1369 2340 ,
1386 2267 1463 2344 Papa
1490 2265 1527 2326 ab
1541 2264 1599 2324 Au.
1626 2263 1702 2324 4634.

213 2357 252 2416 46.
268 2376 334 2437 pag.
354 2361 420 2421 444.
439 2359 514 2436 Ejus
531 2357 663 2438 Epistola
692 2357 729 2422 ad
758 2361 878 2420 Petrum
900 2359 937 2419 de
994 2361 1077 2421 Febr.
1095 2359 1165 2420 9ad
1182 2359 1209 2420 A
1236 2359 1322 2420 4633.
1337 2360 1397 2419 lul.
1412 2357 1440 2418 7.
1455 2358 1493 2418 44
1505 2357 1596 2434 cujus
1608 2358 1705 2416 Decre·

212 2451 306 2526 Luna,
321 2451 512 2530 Antipapam‚
532 2453 569 2513 de
586 2455 706 2527 unione,
728 2451 837 2532 legitur
852 2455 880 2513 44
894 2460 938 2513 to·
995 2453 1217 2516 tisLudovicus
1227 2452 1356 2512 lacobus
1370 2469 1399 2532 p,
1414 2452 1480 2513 404.
1496 2446 1703 2512 caerimoniale

210 2545 271 2605 mis
287 2541 496 2607 conciliorum.
520 2545 602 2608 Alias
616 2547 768 2624 Epistolas
789 2546 875 2606 binas
899 2545 935 2605 ad
992 2549 1151 2607 continens
1166 2547 1242 2606 ritus
1252 2546 1407 2606 electionis
1420 2545 1543 2606 3444444
1561 2540 1704 2604 Pontificio

213 2639 288 2717 lmp.
302 2637 529 2716 sigismundum
547 2645 579 2699 et
596 2637 781 2701 Ludovicum
794 2639 936 2698 bavariae
988 2639 1077 2717 jussu
1099 2640 1165 2717 ojus
1186 2639 1300 2700 editum
1322 2638 1405 2698 3444.
1429 2639 1515 2700 4633.
1531 2636 1551 2698 b
1567 2649 1699 2697 recusum

212 2731 327 2791 Ducem
345 2730 678 2792 exldS.Vindobonensi
690 2731 783 2791 edidit
795 2730 934 2792 laudatus
993 2735 1023 2792 444
1044 2733 1269 2792 commentariis
1290 2732 1439 2792 historicis
1469 2729 1507 2792 de
1539 2729 1598 2790 boc
1624 2743 1704 2803 argu·

213 2822 358 2884 llardtius
374 2831 447 2885 tom.
464 2826 485 2884 3
501 2841 565 2904 pag.
586 2825 653 2886 463.
676 2823 743 2883 467.
769 2839 847 2902 quas
868 2825 933 2884 sine
990 2832 1093 2886 mento
1109 2825 1229 2885 selectis
1244 2825 1281 2885 ab
1299 2827 1397 2886 llerm.
1419 2826 1557 2902 conring.
1581 2820 1699 2884 Helmst.

209 2917 376 2977 oausalalsi
389 2924 548 2996 suspectas
560 2918 739 2996 proriunciat
751 2916 933 2978 Harduinus.
991 2914 1077 2975 4654.
1097 2915 1123 2973 4.
1143 2913 1382 2974 constitutiones
1392 2912 1618 2991 quinquaginta,
1636 2906 1704 2966 varii

208 3009 306 3069 Aliam
322 3009 360 3069 46
378 3009 545 3071 Concilium
563 3009 795 3070 constantiense
817 3009 933 3068 tomi.
990 3008 1215 3084 argumenti-in
1234 3006 1360 3066 bullario
1381 3021 1487 3082 magno
1507 3001 1618 3062 4444444
1640 2997 1709 3060 che·

210 3119 277 3182 pag.
291 3103 359 3164 534.
379 3098 484 3162 l’lure's
501 3107 665 3162 occurrunt
683 3101 711 3158 44
731 3099 814 3160 Actis
829 3101 935 3160 conci·
994 3097 1093 3158 rubini
1115 3105 1137 3156 t.
1159 3101 1185 3159 3.
1209 3115 1237 3176 44.
1260 3096 1327 3160 373.
1341 3113 1411 3174 444.
1427 3098 1469 3156 04
1486 3090 1709 3157 constitutioni·

208 3197 315 3270 liorum
329 3193 534 3273 Aquileiensis
548 3200 580 3254 et
598 3195 695 3253 Pisani
728 3191 882 3253 444409
904 3199 935 3254 44
994 3189 1053 3250 4444
1074 3189 1112 3250 46
1134 3190 1299 3270 collegium
1316 3191 1353 3252 ab
1373 3207 1408 3252 eo
1424 3187 1576 3249 eonditum
1595 3186 1710 3246 64344-

208 3289 287 3367 apud
305 3290 461 3364 bzovium,
482 3285 682 3364 3444446444,
717 3285 935 3363 Waddingum-
989 3282 1127 3361 pageoda
1149 3283 1220 3343 Fide
1243 3283 1463 3361 pertinentibus
1482 3281 1542 3342 dixi
1575 3281 1606 3340 iu
1641 3276 1709 3338 libro

208 3397 268 3458 que
285 3388 316 3441 et
333 3380 550 3440 Theodericum
575 3379 612 3439 de
639 3381 732 3440 N-iem.
748 3379 799 3456 qui
822 3377 935 3438 3330
990 3373 1029 3434 de
1045 3377 1256 3454 propagatione
1271 3379 1360 3438 Lucis
1374 3374 1573 3454 vaangelicae
1584 3388 1651 3449 cap.
1665 3369 1708 3430 33.

211 3474 304 3534 344444
322 3473 348 3548 a}
368 3472 495 3532 subinde
513 3479 601 3532 44444
612 3488 671 3550 pro
689 3471 839 3549 Gregorio.
858 3473 935 3534 con·
990 3469 1161 3530 ltemoriale
1192 3469 1381 3530 sciendorum
1402 3485 1419 3529 a
1440 3467 1583 3540 clericis,
1606 3460 1711 3543 prodiit

209 3567 384 3626 stitutiones
400 3571 462 3624 tres
478 3567 506 3624 io
524 3565 686 3627 cherubini
706 3563 832 3624 bullario
858 3571 932 3625 tom.
990 3561 1146 3622 ldediolani
1165 3562 1242 3624 4633
1262 3563 1357 3622 torma
1372 3563 1493 3622 minore.
1515 3558 1654 3637 Epistola
1674 3553 1708 3615 ad

211 3661 237 3719 4.
255 3675 322 3737 pag.
342 3658 409 3718 303.
990 3657 1100 3734 Regem
1112 3658 1281 3730 Persarum,
1298 3673 1316 3715 a
1332 3657 1466 3716 loannne
1479 3651 1633 3729 ciampolo
1648 3665 1711 3728 per·

254 3749 472 3811 GllEGORlUS
487 3751 567 3810 Xlll.
589 3757 677 3811 antea
691 3753 776 3830 44444
793 3751 932 3812 Boucom-
990 3750 1100 3827 scripta
1118 3764 1187 3809 cum
1205 3749 1448 3809 annotationibus
1464 3745 1595 3808 Danielis
1609 3742 1712 3820 llegel·

206 3858 349 3926 44444444,
367 3844 581 3916 Bononiensis,
604 3845 681 3921 Papa
704 3843 741 3903 ab
763 3843 819 3904 An.
845 3843 933 3904 4573.
989 3845 1054 3902 soni
1073 3841 1175 3903 4.637.
1202 3843 1230 3902 8
1258 3841 1496 3903 Constitutiones
1523 3845 1554 3898 et
1584 3840 1712 3898 Decreta

206 3939 272 4017 44444
293 3939 339 3999 43.
358 3937 394 3998 46
411 3936 533 3996 Annum
553 3937 640 3996 4584.
659 3937 763 4014 April.
772 3939 820 3998 40.
834 3937 930 4014 Hujus
984 3931 1112 4012 junctim
1130 3933 1229 3995 editae
1250 3937 1362 3997 Romae
1386 3933 1531 3997 4633444.

146 4067 148 4073 2
206 4015 348 4112 auspiciis
364 4031 421 4092 lus
438 4030 623 4092 canonicum
644 4031 751 4090 avirls
769 4029 865 4091 doctis
885 4047 932 4090 re·
1026 4027 1245 4089 6336034448
1261 4027 1461 4089 4444444444
1475 4024 1586 4086 suade
1602 4023 1713 4084 Arimi·

206 4128 356 4187 censitum
372 4121 482 4203 prodiit
498 4117 699 4183 3444444583
713 4123 758 4183 lol.
774 4139 809 4184 ac
823 4121 930 4182 deinde
986 4137 1024 4180 no
1042 4121 1170 4181 civitate
1188 4120 1406 4194 3444464434,
1427 4119 1593 4194 'theologus
1616 4115 1712 4176 subti-

207 4221 336 4296 saepius,
355 4217 392 4278 de
407 4232 467 4294 quo
482 4213 544 4276 disi
574 4222 594 4275 t.
611 4217 662 4276 444
685 4215 822 4276 biblioth.
837 4215 930 4274 6444-
987 4215 1040 4282 444,-
1052 4213 1081 4288 44
1099 4213 1269 4275 04644448.
1291 4213 1452 4292 Augustini
1473 4217 1540 4290 post
1561 4209 1713 4270 thomam

206 4325 259 4370 cae
275 4329 341 4389 pag.
360 4311 410 4370 93.
429 4309 479 4370 De
497 4308 640 4387 Epistolis
662 4307 747 4384 4444,
771 4307 929 4385 alloquiis,
985 4305 1237 4383 argentinensem
1255 4306 1423 4382 Generalis,
1444 4305 1482 4366 ab
1498 4303 1554 4364 444.
1572 4299 1657 4362 4337
1674 4297 1712 4360 46

207 4401 337 4462 decretis
350 4410 381 4462 et
403 4403 599 4463 sermonibus
618 4400 692 4461 tud.
713 4399 876 4460 lacobusa
898 4399 929 4459 S.
985 4400 1072 4460 4358.
1086 4415 1147 4476 quo
1166 4399 1297 4461 Viennae
1314 4399 1419 4460 446444
1437 4413 1497 4476 quo
1514 4395 1650 4457 Thomas
1666 4399 1714 4452 tu·

208 4493 351 4554 64444444
365 4483 508 4576 biblioth.
517 4493 677 4555 Pontificio.
691 4493 930 4555 constitutiones
984 4481 1065 4552 mulo
1082 4491 1221 4552 conditus
1243 4494 1400 4569 requievit,
1420 4493 1496 4568 34444
1512 4490 1714 4550 commenta·

211 4585 278 4661 ejus
292 4592 416 4646 centum
433 4595 464 4646 et
481 4587 557 4649 duae
575 4587 655 4666 apud
684 4587 834 4646 laertium
852 4585 929 4647 6444-
983 4587 1043 4644 4444
1064 4582 1095 4642 in
1109 4585 1177 4646 XIV
1188 4581 1338 4663 3444444444
1354 4582 1618 4644 naulimemorat
1642 4577 1713 4646 Trif

251 4781 277 4838 44)
295 4785 347 4831 tac.
357 4747 461 4832 tentant
473 4780 533 4832 44444.
545 4784 580 4834 du
589 4784 691 4842 concile
702 4785 732 4834 de
742 4785 799 4834 Piso
808 4796 865 4845 4444.
875 4781 931 4835 380.
1026 4783 1052 4842 a)
1071 4782 1135 4832 vtds
1151 4780 1219 4832 usur
1233 4784 1342 4832 texleoo
1355 4783 1381 4831 444
1395 4793 1457 4832 roco
1468 4779 1573 4860 34444444.
