3596 5610
258 128 318 192 il'l8
881 121 1137 186 JOANNES

254 252 312 297 res.
327 237 391 296 ilex
407 239 519 304 autem
541 247 646 310 regum
665 229 809 292 honorem
825 232 973 308 ambiens,
1030 221 1148 311 gnific'is
1174 231 1249 290 viris
1283 229 1448 294 obtrectare
1479 237 1646 317 studemus3
1676 245 1722 304 scd

255 345 334 392 cous
345 323 808 402 sicabijciens,tranquillitatem
824 325 973 404 privatam
1030 325 1094 385 zelo
1115 321 1304 384 rectitudinis
1321 325 1483 388 inflammat
1498 344 1532 389 ac
1549 333 1722 396 miseratione

256 421 393 500 diligens,
414 417 565 498 publicam
589 416 762 496 negligens,
784 415 821 478 ad
842 417 973 478 cilicium
1028 417 1179 495 popularis
1195 417 1489 495 miseriaeliqueiacti
1503 437 1559 482 non
1574 439 1720 501 possumus

256 513 355 592 regale
377 509 508 590 tepidus,
529 508 568 570 ad
590 508 776 588 stipendium
799 511 972 588 improbus,
1027 508 1126 588 eloqui
1148 525 1225 586 quae
1242 509 1375 572 vidimus
1395 519 1426 571 et
1445 511 1584 576 audimus
1599 520 1721 578 testimo

256 605 435 668 allaborent
448 603 604 680 regiminis
622 603 732 678 lentuS,
748 601 783 663 ad
802 602 972 664 mercedem
1028 605 1111 664 nium
1132 601 1283 664 reddente
1297 605 1414 681 spiritui
1435 613 1537 668 nostro
1551 611 1653 686 spirito
1674 629 1720 670 ve·

255 704 402 778 promtus,
424 696 460 758 ad
483 694 651 758 audiendas
672 698 906 773 conquestiones
926 714 974 758 as·
1027 697 1133 758 ritstis.
1156 697 1296 780 Ceterum
1318 699 1387 775 quia
1404 705 1518 760 restrae
1530 701 1656 763 leuitatis
1669 705 1720 764 ior-

255 790 323 870 pide
344 789 472 865 surdior,
495 787 534 851 ad
554 789 779 867 extorquendas
800 792 973 852 exactiones
1028 805 1077 850 ma
1095 795 1194 868 potest
1209 785 1401 851 adversitatis
1415 793 1566 854 amaritiva
1579 793 1720 874 dulcerari,

255 885 326 963 lupo
347 883 491 961 rapacior,
514 881 612 943 lucem
633 881 705 960 odit,
726 883 868 945 tenebras
889 885 973 958 colit,
1029 881 1235 959 supplicamus
1255 881 1453 959 proiuodius,
1474 885 1658 950 obsecramus
1675 890 1719 949 oh

255 979 285 1037 in
307 975 483 1038 umbraculo
503 974 629 1050 dormit,
650 976 680 1036 in
702 983 819 1036 secreto
849 975 973 1038 thalami
1028 975 1138 1049 nisius,
1155 979 1246 1052 atquc
1264 973 1430 1038 fiducialius
1455 979 1642 1056 postulamus,
1655 998 1719 1058 qua·

255 1069 368 1130 sedens
384 1085 454 1130 cum
472 1067 627 1144 divitibus,
643 1069 671 1128 in
686 1071 814 1130 occultis
831 1076 865 1131 ut
882 1072 974 1130 inter·
1028 1072 1119 1128 mous
1135 1067 1279 1127 intentius
1290 1067 1480 1130 intendentes
1493 1073 1573 1148 regui
1589 1072 1716 1149 profectui

256 1161 346 1236 liciat,
362 1161 569 1239 quossalvare
587 1159 709 1242 negligit
725 1162 912 1223 innocentes.
931 1163 973 1223 lbi
1028 1165 1060 1220 et
1089 1161 1168 1238 regis
1190 1158 1302 1234 honori,
1323 1161 1376 1238 qui
1399 1163 1534 1240 specialis
1566 1167 1716 1226 animarum
1787 1163 1788 1200 ³

256 1255 501 1336 adsentationum
523 1253 663 1314 mollibus
683 1254 895 1317 circumfultus
909 1255 975 1334 pul·
1030 1252 1183 1331 privilegio
1208 1253 1239 1311 in
1261 1251 1413 1316 dominum
1443 1253 1549 1317 domos
1579 1273 1663 1332 suae,
1692 1259 1718 1316 in

258 1347 514 1426 villis,palporum
537 1347 820 1409 lenibusdelibutus
838 1365 975 1428 unguen·
1029 1347 1193 1424 prinoipem
1207 1347 1407 1426 possessionis
1424 1364 1495 1409 suas
1513 1349 1719 1427 magnificevos
1787 1391 1788 1420 ι

258 1440 529 1518 tls,eirnulatorum
552 1442 694 1501 ncctmiis
713 1441 887 1519 inebriatus,
909 1441 975 1504 dul·
1030 1439 1181 1516 pracfecit,
1201 1439 1246 1500 sic
1268 1439 1366 1500 velitis
1386 1440 1502 1502 crudire
1523 1449 1633 1502 vestros
1657 1457 1719 1502 con·
1787 1441 1788 1478 f

257 1535 383 1612 ciloquis
403 1533 548 1610 gloriatur
568 1549 602 1592 se
623 1539 739 1611 partem
757 1535 901 1612 optimam
916 1535 978 1596 ele·
1030 1531 1199 1609 principes,
1220 1533 1263 1593 sio
1285 1533 1397 1594 curetis
1416 1533 1538 1595 edocere
1557 1535 1720 1596 consiliarios

260 1630 354 1708 gissa:
368 1629 397 1687 in
410 1624 691 1686 tantamelationem
702 1627 809 1703 elatus,
821 1633 856 1688 ut
866 1629 979 1689 rectius
1031 1624 1175 1699 seniores,
1187 1641 1314 1702 quorum
1330 1631 1470 1687 senectus
1486 1641 1542 1687 non
1557 1627 1718 1688 venerabilis

263 1725 392 1799 reputet,
414 1721 549 1780 sanctius
570 1721 694 1794 sauciet,
711 1721 825 1797 iustius
842 1719 976 1797 jndicet,
1032 1715 1086 1776 sed
1104 1716 1291 1792 miserabilis,
1312 1733 1370 1778 non
1392 1735 1507 1780 morum
1523 1720 1574 1780 sed
1587 1733 1717 1781 annorum

257 1813 376 1875 divinas
392 1809 580 1890 prophanare
595 1813 782 1888 iustitias,et
799 1828 872 1875 suas
889 1817 976 1894 sequi
1033 1825 1178 1884 numero,
1210 1826 1268 1870 noo
1297 1810 1510 1872 charismatum
1530 1811 1580 1872 sed
1600 1817 1718 1874 aciemn
1787 1829 1788 1852 ι

256 1905 526 1984 concupiscentias,
549 1921 640 1983 quarn
658 1905 698 1966 illi
717 1921 878 1986 operosum
893 1907 976 1968 exhi·
1032 1903 1201 1982 septenario
1227 1908 1438 1981 computatur,
1458 1911 1491 1965 ¹12
1511 1906 1600 1966 flante
1627 1905 1720 1982 spiritu

148 2067 159 2084 ο
257 1997 328 2060 bere
342 1997 555 2074 ministerium,
567 2013 722 2078 perquem
737 2015 824 2078 reges
839 2007 976 2079 regnant,
1032 1997 1093 2055 oris
1126 1999 1234 2072 vestri,
1255 1995 1298 2056 sol
1322 1995 1474 2072 justitiae,
1494 1997 1665 2075 quitatebat
1692 1999 1718 2054 iu

258 2091 377 2169 jndices
393 2089 541 2171 iudicant,
556 2093 605 2152 oui
619 2090 781 2154 discretam
800 2110 858 2153 non
875 2093 914 2155 de
930 2110 978 2154 se·
1032 2087 1112 2148 num
1134 2087 1340 2166 negligentiae,
1361 2086 1398 2147 ds
1418 2095 1517 2148 cetero
1537 2089 1565 2147 in
1587 2089 1720 2168 principes
1787 2149 1788 2152 ,

257 2183 399 2262 cerdotio,
420 2183 475 2244 sed
496 2183 535 2244 de
556 2199 658 2262 regno,
682 2202 742 2245 non
760 2185 798 2246 de
815 2188 977 2264 scriptura·
1033 2183 1125 2260 pacis,
1147 2183 1177 2240 in
1199 2187 1433 2260 propugnatores
1453 2182 1624 2260 aequitatis,
1647 2180 1721 2242 velut
1787 2183 1788 2210 ¹

259 2295 326 2339 rum
348 2278 504 2352 scrutinio,
525 2276 578 2337 sed
600 2277 639 2338 dc
662 2277 823 2338 viduarum
844 2279 976 2357 judicio,
1032 2277 1062 2334 in
1084 2274 1208 2352 clypeos
1238 2289 1346 2334 eureos
1376 2273 1565 2352 elllrlgescat,
1584 2280 1613 2339 ct
1634 2275 1721 2353 palpo

259 2369 298 2429 de
318 2385 483 2448 pauperum
499 2370 661 2447 patrocinio
682 2367 855 2433 redditurus
867 2378 915 2432 est
931 2389 979 2433 ra·
1033 2383 1107 2429 num
1128 2365 1282 2427 mendacia
1303 2382 1358 2428 vos
1376 2367 1532 2428 veritatem
1556 2365 1648 2428 dicere
1667 2382 1717 2427 non
1743 2418 1747 2428 .
1787 2435 1788 2438 Ἴ

260 2461 383 2521 tionem.
394 2461 455 2521 Nec
469 2465 632 2521 contentus
650 2460 816 2523 humanum
835 2465 981 2526 contami·
1033 2458 1224 2538 compellant.

261 2551 498 2629 narejudicium,
513 2554 570 2614 nisi
585 2555 771 2617 contaminet
785 2564 816 2616 st
830 2557 977 2618 divinum.
1071 2607 1131 2668 Ε.
1416 2610 1422 2623 .

260 2645 316 2717 Qui
337 2661 429 2725 super
450 2645 619 2707 manilcstls
633 2648 801 2712 actionibus
823 2650 861 2712 ad
878 2652 975 2713 iorum
1094 2606 1692 2782 puwsspffrx'wffffiffiffizmm

260 2753 350 2800 suurn
367 2739 575 2819 spectantibus
586 2738 722 2820 judicare
743 2753 902 2824 renuerat,
919 2759 975 2808 'su-

260 2849 314 2910 per
344 2833 470 2894 occultis
490 2833 646 2902 aflectibus
667 2834 704 2895 ad
725 2836 817 2897 altius
843 2838 974 2900 tribunal
1068 2833 1300 2913 tosepbservus
1310 2832 1453 2911 justitiae,
1466 2833 1720 2916 praepositusEgy·

259 2924 977 3009 pertinentibus,temerariedillerrepraesumit,
1031 2927 1110 3005 ptiae
1130 2927 1267 3005 regionis,
1279 2927 1480 3004 familiaribus,
1492 2927 1721 2990 commilitonibus

259 3033 366 3078 omnes
386 3033 486 3078 errare
507 3021 666 3097 suspicans
682 3021 733 3099 qui
751 3021 881 3084 eundem
897 3041 977 3084 erro
1030 3026 1063 3080 et
1078 3021 1243 3095 conservis,
1260 3020 1388 3082 salutem
1405 3027 1436 3080 et
1452 3037 1562 3100 pacem,
1577 3024 1658 3099 {quas
1676 3035 1720 3080 su

260 3109 302 3170 ris
321 3110 461 3189 spiritum
484 3127 543 3170 non
567 3111 752 3173 imbiberint:
773 3114 888 3174 Omnes
914 3117 977 3176 lan·
1030 3119 1116 3192 perat
1131 3127 1250 3176 omnem
1262 3128 1357 3192 spem,
1371 3129 1458 3175 omne
1475 3121 1583 3174 votum.
1602 3113 1719 3185 Quisest

258 3219 351 3282 gnere
372 3201 556 3280 conjectans,
577 3207 628 3283 qui
647 3209 711 3285 pari
734 3207 833 3267 labore
855 3225 914 3268 non
937 3210 978 3270 la·
1030 3208 1087 3267 iste
1104 3208 1242 3267 leoninus
1256 3208 1381 3286 rugitus,
1404 3208 1527 3268 caninus
1549 3206 1673 3276 latratus,
1690 3211 1718 3262 et

260 3294 575 3358 boravermteomnee
587 3299 756 3360 exorbitare
766 3289 976 3378 praesumens,
1031 3300 1175 3380 vulpinus
1192 3300 1381 3378 procacitatis
1399 3305 1516 3360 vestrae
1532 3300 1672 3377 gannitus,
1682 3300 1720 3355 in-

261 3389 312 3465 qui
333 3388 462 3449 similem
481 3405 539 3449 non
556 3391 713 3454 incurrunt
723 3396 910 3456 coecitatem.
926 3398 977 3456 llic
1031 3393 1159 3454 volvens
1176 3394 1345 3452 sententias
1364 3391 1551 3452 sermonibus
1572 3390 1718 3470 imperitis,

262 3486 310 3540 est
329 3479 439 3540 doloris
471 3480 589 3560 gladius
620 3489 754 3546 nostram
775 3493 898 3548 tentam
914 3491 978 3550 ani·
1030 3487 1145 3548 alienas
1168 3483 1332 3562 iniustitias
1360 3491 1464 3564 argute
1489 3500 1632 3564 arguens,
1655 3497 1717 3543 suas

263 3589 354 3645 mam,
377 3589 468 3636 mauu
486 3576 566 3652 regis
582 3577 754 3637 immaniter
769 3579 978 3658 svibmtus,et
1030 3579 1228 3640 conniventes
1251 3577 1465 3656 pertractione,
1495 3577 1523 3635 in
1551 3577 1717 3654 peregrinam

263 3665 371 3740 sagitta
392 3666 558 3727 vulnerans
578 3667 608 3726 in
627 3667 714 3744 jecur
737 3676 876 3732 nostrum
906 3690 978 3752 evo·
1031 3687 1164 3732 messem
1181 3669 1350 3732 extendens
1366 3670 1470 3731 falcem
1482 3667 1718 3747 judiciariamde

263 3756 330 3820 lans
349 3755 388 3817 de
407 3756 547 3836 pharetra
568 3759 738 3821 Pharaonis.
770 3763 833 3823 Non
856 3765 976 3827 videtur
1029 3762 1226 3841 relinquendo
1252 3765 1399 3842 propriam
1427 3763 1557 3842 aerugini
1580 3759 1718 3822 ccr'rodeu·

261 3867 313 3912 cor
332 3865 487 3938 carneum,
508 3849 561 3911 sed
583 3850 743 3930 lapideum,
763 3855 842 3932 quod
859 3858 910 3918 teli
931 3876 976 3921 ra·
1030 3857 1113 3920 dama
1131 3857 1206 3928 Quis
1222 3855 1312 3930 iuror,
1329 3871 1346 3916 o
1360 3853 1487 3934 jndices,
1502 3871 1576 3934 quae
1592 3859 1665 3914 tana
1680 3859 1717 3910 ts·

262 3945 351 4006 tionis
372 3943 494 4020 cilensa,
515 3945 566 4006 tali
584 3943 662 4024 iuris
683 3947 789 4027 injuria
822 3967 880 4012 non
905 3969 977 4014 can·
1030 3952 1178 4012 meritatis
1194 3950 1323 4025 licentia,
1341 3956 1375 4011 ut
1389 3967 1487 4028 rogem
1504 3949 1618 4028 ,militia
1637 3945 1716 4006 domi·

261 4039 367 4113 deecit,
385 4053 443 4098 oon
461 4046 585 4117 apparet
601 4041 683 4102 ircns
699 4042 816 4121 pudica,
837 4045 890 4106 sed
914 4063 975 4107 me
1029 4061 1103 4105 num
1121 4042 1240 4118 lamilia,
1258 4044 1423 4122 principem
1451 4040 1584 4103 clientela
1599 4037 1716 4117 judicare

144 4145 153 4160 ·
260 4133 389 4208 retricia,
415 4147 492 4209 quae
520 4138 605 4196 tants
628 4134 724 4196 lamae
742 4134 870 4214 jactura,
890 4143 973 4199 tanta
1028 4143 1212 4217 praesumat,
1239 4134 1474 4215 dissoluto'J'ugc
1491 4133 1574 4212 juris,
1600 4132 1716 4208 disrupto

260 4225 380 4286 honoris
398 4225 514 4287 macula
532 4243 590 4286 non
608 4229 750 4290 rubescit.
768 4231 831 4290 Non
850 4231 976 4292 miretur
1029 4231 1151 4291 vinculo
1167 4227 1387 4301 rationis‘lQuis
1402 4223 1716 4307 spiritusimpaticotiao

260 4320 350 4397 igitur
371 4317 517 4379 inoffensa
549 4322 698 4382 serenitas
718 4323 843 4400 spiritus
869 4327 974 4399 vestri,
1029 4339 1085 4383 vos
1102 4323 1234 4401 impegit,
1251 4329 1285 4383 ut
1302 4323 1450 4383 insellam
1467 4312 1717 4400 regaliscclsitudi-

258 4426 316 4471 non
339 4411 479 4473 turbetur
494 4413 671 4474 inconcussa
692 4413 895 4491 tranquillitas
910 4431 975 4476 cor·
1029 4417 1077 4475 nis
1093 4413 1229 4476 audeatis
1245 4415 1359 4493 erigere
1373 4429 1407 4474 os
1422 4407 1630 4474 insulsum‘lho
1644 4413 1716 4486 pota-

260 4500 307 4561 dis
323 4505 418 4562 vestri
434 4521 488 4582 pro
508 4522 545 4567 eo
565 4506 644 4584 quod
669 4509 697 4568 in
720 4507 805 4568 nobis
819 4507 862 4568 sic
876 4507 973 4569 disru-
1026 4511 1067 4568 tis
1081 4523 1147 4580 vos,
1164 4505 1268 4583 iniusti
1279 4505 1406 4584 judices,
1425 4507 1543 4585 impune
1553 4503 1659 4581 justum
1670 4500 1716 4560 bet

259 4595 304 4672 pit
314 4594 479 4658 modestiae
499 4600 625 4673 irsoum,
641 4602 684 4662 sic
698 4601 838 4662 dissolvit
853 4601 972 4681 linguae
1023 4600 1169 4678 judicium
1200 4613 1355 4675 evasuros,
1379 4601 1430 4678 qui
1453 4598 1616 4676 iudicantes
1634 4596 1715 4666 alios,

260 4685 413 4746 silentium
436 4689 483 4750 vis
504 4691 634 4768 doloris3
666 4709 721 4754 nec
752 4693 832 4768 enim
858 4693 972 4754 alienae
1024 4692 1234 4754 condemnatis
1251 4707 1306 4752 vos
1323 4693 1411 4771 ipsos,
1430 4690 1533 4752 iisdem
1546 4695 1715 4770 peccatorum

261 4775 410 4840 ielicitatis
431 4781 533 4860 invidi,
554 4785 607 4846 sed
630 4793 750 4848 nostrae
771 4786 887 4866 cupidi,
909 4801 972 4848 ma·-
1027 4787 1148 4849 lucibus
1164 4785 1388 4848 circumflexos:
1415 4800 1468 4847 noc
1496 4784 1604 4844 timetis
1617 4781 1717 4842 severi-
