3562 5580
203 137 263 200 ¹⁸2
395 97 399 104 ⁴
793 143 1103 212 4404444444

196 244 325 322 Virginis
355 250 444 322 partu
462 263 559 326 usquc
591 248 627 318 ad
659 247 782 310 Annum
800 250 914 312 Christi
969 255 1669 338 scaurumllurthtaoeostumetrlberonemium,

196 339 263 400 946.
281 353 350 399 cum
367 337 519 400 additione
537 343 638 401 nescio
660 343 749 420 cujus
782 341 915 406 4444444-
970 349 1067 410 464444
1085 351 1173 410 Paris.
1186 349 1272 410 lost
1288 350 1315 408 4.
1328 355 1359 408 44
1372 348 1535 411 Humane
1547 354 1671 414 Scottcoe

197 429 375 492 desiderii.
396 435 510 494 ilerum
537 451 606 494 4444
631 442 838 498 commentum
860 438 916 498 hoc
970 443 1062 503 libros
1079 443 1192 502 444444
1213 444 1308 520 prima
1335 443 1431 519 gentis
1457 445 1564 522 origine
1581 463 1671 524 usque

196 541 281 604 opus,
299 527 378 584 sicut
395 526 485 586 etiam
501 527 618 588 Pseudo
632 529 735 590 Dextri
753 535 784 588 44
801 529 917 592 Pseudo
971 535 1008 596 ad
1026 537 1140 596 abitum
1155 536 1256 595 Jacobi
1274 531 1381 594 licum
1392 538 1553 612 praemissa
1568 535 1673 598 4444444
1704 532 1707 536 ’

196 619 326 680 Liberali
341 619 466 697 scripta,
479 637 557 698 quae
570 619 727 701 Argaizins
740 619 916 698 subjunxit,
968 627 1068 706 pliona
1084 629 1168 688 brevi
1185 626 1311 701 Scotino,
1327 626 1396 686 ibid.
1412 627 1488 687 4846
1503 627 1612 688 4044440
1627 629 1674 689 de-

196 710 309 789 liquido
325 710 566 774 demonstratum
585 712 667 773 dedit
690 715 751 774 Nic.
768 714 918 778 Antonius
974 721 1044 780 inde
1063 722 1161 780 440444
1188 719 1239 779 diu
1256 724 1324 797 0044
1340 711 1469 779 44040444
1485 719 1676 796 collumgel-

196 804 247 863 lib.
270 802 468 866 4444444444.
479 807 625 884 Hispanae
636 824 661 865 c.
674 807 723 868 82.
734 825 762 886 0.
776 808 842 868 too.
853 825 916 886 seq.
973 813 1035 873 dito
1055 813 1129 873 libra
1150 813 1245 873 XVlll
1272 818 1304 872 44
1332 810 1555 890 undevigesimo
1578 813 1675 874 4444040

238 894 553 976 dalmatiarum
571 899 760 961 llbllllNUS.
974 908 1065 968 Paris.
1085 905 1164 968 4874
1188 904 1236 966 444.
1256 922 1326 966 cnm
1352 901 1509 981 subjuncta
1533 906 1677 966 00044444-

238 988 382 1061 4444440,
403 1007 494 1076 44044
517 991 646 1054 ΗΑΙΜΟ.
974 1001 1056 1060 44404
1079 1001 1162 1059 4040.
1191 999 1335 1072 Ferrarii,
1353 997 1560 1058 Pedemantani
1586 1013 1676 1075 usque

237 1082 370 1144 ΗΑΥΤΟ
381 1099 471 1161 44044
490 1084 687 1148 444444οΝ448.
701 1093 771 1146 tom.
789 1090 815 1149 4.
829 1107 857 1166 p.
869 1089 916 1148 86.
973 1092 1011 1154 ad
1032 1100 1168 1154 extrema
1185 1092 1285 1154 Jacobi
1301 1091 1349 1154 444.
1368 1091 1413 1150 Ex
1439 1092 1540 1150 Latino
1555 1091 1675 1150 Historia

198 1193 261 1254 seq.
280 1179 322 1238 Dc
339 1177 445 1238 eodem
463 1180 598 1240 loannes
616 1181 643 1240 44
661 1181 748 1258 Paige
766 1183 794 1240 in
813 1179 921 1242 44444444-
974 1187 1088 1247 80444444
1105 1187 1249 1248 translata
1267 1189 1295 1244 in
1314 1186 1445 1262 linguam
1470 1183 1612 1244 Senticam
1633 1189 1677 1242 est

199 1270 287 1331 theca
303 1273 594 1334 Prasmonstratensi
621 1290 686 1352 pag.
711 1274 778 1334 396.
802 1291 866 1353 seq.
889 1283 920 1336 et
974 1281 1119 1340 aloanne
1134 1278 1294 1354 hoilanda,
1307 1277 1469 1355 Edinburg.
1483 1277 1599 1337 453644
1614 1291 1678 1334 044-
1778 1315 1779 1318 ¹

200 1365 268 1424 888.
286 1369 318 1424 44
334 1363 371 1424 de
388 1366 468 1442 llege
485 1364 628 1428 Armenio
655 1365 747 1445 hujus
769 1370 919 1444 nominis,
975 1374 1097 1433 tractior
1111 1369 1235 1448 Anglice
1245 1415 1254 1446 ,
1273 1372 1434 1448 interprete
1451 1367 1598 1428 Willelmo
1613 1369 1679 1428 liar-

199 1455 288 1532 cajus
306 1458 506 1535 propinquum
526 1459 653 1537 scriptor
670 1459 768 1536 Hayto
784 1477 817 1520 44
834 1461 922 1540 04044-
975 1467 1075 1542 rison,
1092 1465 1325 1541 continuataque
1339 1462 1382 1542 ‚ab
1407 1467 1527 1523 anctore
1547 1477 1603 1520 non
1620 1475 1677 1521 uno

200 1554 291 1622 tetur,
310 1548 347 1607 id.
366 1567 433 1628 pag.
451 1551 520 1612 886.
974 1574 1072 1636 usque
1089 1557 1126 1618 ad
1142 1557 1264 1618 hunum
1277 1556 1356 1616 4886
1369 1563 1400 1615 44
1415 1554 1452 1614 ab
1468 1552 1524 1614 hn.
1542 1553 1611 1614 4874
1631 1569 1679 1630 044

240 1640 381 1718 bahan,
397 1643 474 1706 inira
493 1643 634 1720 HEDDA.
975 1653 1166 1712 anciscum
1180 1646 1409 1728 'thynnebond
1427 1645 1505 1707 4887
1519 1645 1679 1706 inludente

239 1735 438 1796 llEBEllNUS
459 1738 524 1796 sive
544 1735 719 1800 4444604444
745 1757 784 1803 ex
805 1738 920 1800 Abbate
978 1748 1056 1806 inter
1072 1743 1146 1806 alias
1163 1742 1347 1804 Britannicos
1360 1736 1679 1816 44444044004,44404ι4444

200 1825 322 1904 majoris
352 1828 522 1888 440444444ἰί
540 1831 570 1892 S.
590 1832 707 1891 44444444
736 1833 921 1892 Turonensis
976 1834 1164 1900 Holinshead.
1178 1835 1221 1895 De
1233 1832 1291 1894 lide
1303 1847 1394 1910 quam
1406 1831 1680 1892 4004444440048044·

200 1919 454 1998 Archiepiscopus
471 1922 509 1982 ab
523 1921 579 1982 ha.
597 1921 666 1984 887.
692 1923 729 1984 46
758 1922 826 1984 947.
847 1925 921 1986 Vide
976 1932 1050 2004 thil,
1068 1934 1214 2002 04044444
1229 1926 1333 1988 4444444
1349 1927 1375 1999 4)
1394 1923 1567 1997 desiderari,
1579 1922 1680 1982 viden-

146 2017 150 2027 ·
201 2012 449 2082 Sammarthancs
467 2019 538 2076 tam.
556 2016 584 2077 4.
603 2033 667 2094 pag.
687 2015 745 2078 749
761 2033 824 2095 seq.
843 2019 921 2080 Scri·
976 2023 1034 2085 dus
1056 2021 1235 2082 wilhelmus
1253 2018 1428 2079 Nicolsnnus
1450 2018 1479 2076 44
1505 2015 1678 2077 Bibliotheca
1758 2077 1763 2084 ,

201 2106 261 2182 psit
281 2103 432 2179 miracuta
450 2107 482 2166 a.
502 2107 629 2168 Martini
654 2115 724 2186 post
753 2111 922 2175 translatio·
978 2117 1187 2177 historicorum
1204 2113 1321 2173 Scatiae
1340 2127 1405 2189 pag.
1422 2109 1478 2170 464
1493 2125 1555 2186 seq.
1573 2115 1605 2167 44
1630 2108 1687 2168 444-

201 2216 269 2258 nem
288 2195 355 2274 4444
369 2201 502 2277 corporis
517 2201 542 2275 a)
562 2201 599 2261 ab
610 2201 921 2265 Autissiodorensibus
976 2210 1119 2271 ckenzius
1137 2212 1208 2266 tom.
1225 2206 1264 2279 4,
1281 2221 1346 2282 pag.
1367 2204 1422 2262 447
1440 2217 1504 2278 444.
1515 2201 1565 2279 qui
1576 2195 1685 2259 4404044-

200 2291 237 2352 ad
254 2293 445 2352 4440044444
460 2291 518 2354 bn.
537 2291 606 2352 887.
627 2295 702 2354 iacta
720 2295 813 2356 edidit
833 2297 948 2364 hala-⁸
973 2303 1103 2382 04404404
1113 2296 1428 2363 Scatiaalloethianam
1440 2290 1683 2372 auaqueexbibei

202 2387 268 2445 zius
286 2390 357 2444 tom.
374 2384 403 2444 7.
418 2386 528 2446 4444044.
549 2402 614 2463 pag.
636 2387 702 2446 469.
720 2388 787 2448 498.
805 2389 921 2467 Suppc·
976 2396 1099 2474 Anglice
1110 2411 1176 2472 pag.
1185 2392 1242 2453 384
1254 2405 1317 2467 seq.
1329 2391 1484 2449 Praeterea
1493 2385 1598 2445 4444444
1612 2379 1683 2441 4444.

201 2480 294 2540 444404
309 2493 376 2538 4444
394 2480 542 2558 scripturn
563 2480 668 2557 probat
685 2485 790 2540 auctor
810 2479 921 2542 disser-
976 2491 1008 2550 64
1026 2488 1158 2550 celebrat
1175 2483 1289 2546 Boethii
1313 2478 1487 2560 catalogum
1503 2475 1617 2539 8404440
1632 2475 1682 2535 444-

203 2573 323 2634 tetiouis
356 2574 487 2637 insertae
511 2575 663 2634 memoriis
679 2575 832 2635 litterariis
850 2576 922 2636 Tre-
972 2597 1064 2660 gum,
1083 2579 1191 2640 librum
1209 2575 1246 2636 de
1259 2569 1517 2653 ocupationibus,
1534 2569 1684 2630 semones

201 2665 326 2752 40444444
339 2667 401 2724 An·
415 2662 502 2725 4746.
523 2682 589 2742 pag.
608 2667 675 2727 448.
694 2666 745 2726 ubi
761 2667 852 2728 444444
868 2683 921 2726 no-
975 2680 1006 2733 et
1023 2675 1185 2745 44444444ερ
1217 2667 1373 2730 moriame
1403 2672 1493 2743 atque
1517 2657 1680 2740 Epistulas,

202 2763 284 2818 tatur
299 2757 330 2818 in
348 2757 460 2819 Baluzii
476 2756 607 2818 editione
632 2757 740 2820 deesse
761 2758 922 2826 dedicatio
975 2781 1051 2843 quas
1065 2763 1329 2840 eloquentissimas
1346 2757 1489 2837 appellat.

202 2866 271 2912 nem
281 2849 320 2910 ad
332 2851 482 2910 Comitem
494 2851 692 2928 ingelgerum,
705 2869 783 2929 quac
795 2853 921 2914 40444444
1017 2857 1166 2919 HECTUS
1179 2855 1245 2915 aliis
1262 2851 1344 2913 Hetti
1358 2849 1406 2910 vel
1424 2850 1508 2909 Hetta
1522 2863 1557 2906 44
1574 2843 1683 2904 Abbate

201 2947 302 3004 444444
328 2943 359 3002 44
386 2943 453 3003 44444
475 2942 634 3004 codicibus
658 2944 737 3004 4488.
762 2950 796 3006 44
816 2946 846 3004 40
871 2945 921 3004 4444
976 2949 1193 3029 Epternanensi
1224 2944 1473 3023 Archiepiscopus
1503 2938 1539 3000 ad
1567 2936 1681 2998 hunum

202 3052 293 3114 quern
312 3043 460 3096 memoret
469 3034 624 3096 sanderus
640 3043 723 3114 04444
740 3039 768 3097 2.
787 3053 817 3115 0.
832 3035 900 3100 2⁴7.
977 3041 1170 3105 84444886.
1192 3035 1382 3099 Trevirensis
1399 3040 1431 3095 44
1447 3030 1533 3093 Auno
1551 3026 1617 3090 84-7.
1635 3029 1685 3086 Le-

239 3129 492 3188 llEBRETllllUS
520 3128 682 3189 Monachus
710 3129 920 3192 Cluniacensis
977 3143 1065 3214 galus
1083 3131 1223 3194 Ludovlni
1241 3131 1281 3190 Pii
1300 3131 1374 3207 lmp.
1393 3127 1440 3187 cui
1458 3125 1547 3185 etiam
1562 3119 1618 3180 bn.
1632 3117 1685 3220 846

201 3221 322 3299 Scripsit
338 3220 394 3280 66·
412 3221 500 3280 6086·
515 3218 595 3280 6666
611 3218 816 3282 6666666ῑὶ6664
830 3222 860 3282 S·
874 3221 923 3280 16·
977 3226 1134 3289 excedenti
1150 3242 1188 3284 ex
1200 3223 1257 3283 hac
1273 3224 1335 3282 vita
1346 3231 1490 3297 praesens
1500 3215 1603 3276 adluit.
1616 3213 1684 3287 Ejus

200 3309 304 3374 44044444
315 3312 458 3393 40440004
472 3329 550 3390 quae
565 3317 688 3374 exstant
706 3315 734 3372 40
751 3310 834 3372 Actis
849 3314 922 3374 San-
977 3317 1111 3400 Epistola
1127 3316 1169 3376 04
1185 3313 1373 3386 lienteriam,
1384 3311 1553 3371 Tallensem
1569 3306 1687 3382 4404440-

199 3404 362 3464 04004004.
385 3407 403 3465 3
421 3403 513 3482 April.
532 3404 569 3464 36
589 3420 654 3482 pag.
672 3403 729 3465 747
745 3404 813 3465 734.
896 3441 897 3446 1
978 3429 1072 3493 pum,
1089 3417 1224 3488 tempore
1248 3406 1405 3486 legationis
1430 3401 1497 3461 data
1514 3443 1521 3473 ‚
1541 3401 1639 3466 exstat
1659 3396 1687 3450 in

242 3496 392 3558 HECTOR
414 3495 552 3556 66666666
581 3499 646 3555 sive
674 3497 770 3556 66666
788 3539 796 3570 r
813 3513 923 3574 866666
979 3491 1128 3568 Sirmondi
1146 3500 1289 3580 ¹Epistola
1316 3495 1353 3557 ad
1375 3494 1602 3556 Constantinum
1620 3488 1688 3548 Cac-

202 3591 320 3665 Scotus,
331 3589 358 3660 b]
372 3590 492 3650 Parisiis
509 3589 639 3648 amicum
655 3589 748 3650 004444
760 3589 921 3650 4444444440
979 3605 1085 3658 eanum
1102 3596 1140 3655 de
1155 3593 1276 3654 duobus
1294 3587 1451 3651 Amalariis
1469 3591 1539 3674 torn.
1555 3583 1599 3641 lV.
1617 3579 1686 3656 000.

201 3687 291 3758 alque
307 3679 375 3741 inde
390 3679 477 3741 hnno
492 3678 567 3740 4497
579 3679 617 3740 ad
633 3679 798 3741 ornandam
811 3679 925 3740 Acade-
980 3689 1208 3765 sirmondi-pag.
1221 3686 1278 3745 644
1298 3683 1345 3743 Ex
1359 3681 1417 3741 alin
1431 3675 1561 3756 Epistola
1571 3670 1607 3734 ad
1622 3683 1685 3731 eun·

160 3761 170 3781 ⁶
201 3777 292 3835 16666·
325 3772 603 3844 666666666666464
633 3773 663 3832 ἰ6
691 3772 790 3834 866666
818 3789 924 3832 666665
980 3783 1050 3843 dem
1079 3781 1268 3850 Frotarium,
1293 3775 1331 3834 de
1359 3771 1461 3850 regula
1483 3767 1688 3830 canonicarum

202 3867 383 3928 eorrditama
399 3865 551 3928 Guilelmo
567 3865 745 3944 Elphistono
758 3912 765 3941 ‚
777 3865 925 3944 Episcopo
982 3871 1187 3944 observanda,
1217 3874 1249 3928 et
1279 3866 1316 3927 de
1349 3862 1519 3926 blcnasticis
1535 3853 1689 3918 'habitatio-

202 3959 439 4036 hberdoniensi,
459 3964 609 4035 vocatus,
639 3958 806 4036 permultos
831 3973 927 4019 annos
983 3967 1072 4028 nibus
1100 3960 1323 4032 instaurandis,
1353 3973 1425 4036 pars
1456 3951 1535 4034 apud
1564 3951 1688 4010 sirmon-

202 4073 272 4120 curn
302 4070 409 4131 magna
435 4051 524 4114 laude
551 4052 743 4129 eloquentiae
766 4058 797 4111 et
819 4053 929 4130 ingenii
984 4060 1057 4120 durn
1075 4041 1692 4142 notisrld‚Concilia1Galliaetom.b‚psll·¹

202 4150 242 4211 illi
261 4147 398 4228 praefuit.
417 4145 491 4206 Vide
512 4143 675 4223 Georgium
703 4143 873 4206 Mackenzie
891 4143 928 4204 de
986 4151 1054 4211 684.
1070 4147 1183 4228 Regula
1201 4145 1419 4208 canonicorum
1436 4153 1513 4217 quae
1528 4133 1688 4210 4440404444,

203 4244 362 4319 utriusque
378 4241 498 4319 copiose
512 4237 686 4299 tradentem
714 4240 744 4296 in
770 4237 843 4296 vitis
863 4236 930 4296 illu·
985 4244 1055 4304 data
1072 4247 1120 4301 444
1132 4244 1161 4299 44
1177 4237 1309 4300 Concilio
1324 4229 1559 4310 Aquisgranensi
1572 4224 1626 4285 Aa.
1636 4216 1689 4279 846

205 4337 312 4396 atrium
331 4335 488 4395 Scotorum
504 4375 511 4406 ,
536 4331 671 4409 vulgatis
696 4329 820 4408 Anglice
837 4327 930 4388 Edin-
987 4341 1078 4414 atque
1095 4339 1196 4393 exstat
1210 4327 1289 4409 apud
1305 4322 1496 4386 sirmondum
1511 4328 1581 4379 torn.
1592 4315 1690 4391 4044·
1716 4409 1718 4414 ι

205 4427 289 4502 burg.
300 4425 385 4486 4744.
396 4426 433 4484 404
457 4431 538 4483 40044
551 4421 701 4483 secundo:
716 4438 750 4481 ac
761 4421 930 4480 dellectorc

205 4515 328 4592 quidem
346 4535 411 4594 pag.
431 4515 490 4577 376
508 4533 572 4594 seq.
602 4515 728 4594 Scripsit
760 4511 840 4573 Vitas
862 4512 931 4592 Epi·
982 4484 1694 4644 εονὲἐῧῐὲᾙῖἓῗὲἱῑξῒῑῗᾞιῖωᾝῗὲμ

249 4671 274 4730 a)
293 4675 394 4722 46444440
411 4675 573 4736 exceptionis
591 4672 773 4733 reliquiarum,
789 4671 842 4719 sire
854 4679 936 4723 44444
981 4654 1050 4709 6666
1062 4656 1177 4703 6666666
1188 4651 1219 4701 66
1230 4641 1295 4698 666·
1307 4649 1360 4694 bnt.
1368 4655 1430 4733 4666·
1440 4639 1495 4690 686·
1509 4631 1695 4686 66616666·

204 4747 284 4794 440444
302 4745 441 4795 celebratur
462 4746 492 4794 48
518 4745 651 4794 4440404444.
982 4731 1081 4781 thecam
1089 4721 1346 4782 Heliconemedltaar
1359 4713 1698 4776 aermanleexvl.pag.rea

249 4818 276 4876 b)
292 4819 404 4870 labbeus
425 4817 455 4868 de
472 4823 496 4868 8.
514 4821 543 4868 44.
562 4825 626 4867 tom.
648 4817 670 4865 4.
687 4829 744 4879 pag.
760 4815 815 4864 448.
983 4813 1045 4857 Acta
1061 4801 1140 4853 444444.
1157 4799 1227 4848 1747.
1244 4811 1269 4860 p.
1288 4797 1340 4846 4447.
1359 4805 1398 4845 cc.
