3608 5604
724 100 926 166 ruerus
1047 69 1052 78 '
1503 100 1561 164 444

86 209 795 288 minutissimorumutrorumetoquemuetto·
848 208 976 284 librum,
997 208 1113 270 editum
1135 207 1240 270 Venet
1261 207 1348 272 4484.
1372 208 1400 267 4.
1423 223 1564 287 compau-

86 322 212 378 mauae,
227 309 260 364 et
269 304 456 381 antiquitatis
469 303 672 382 peritissimus
681 303 794 366 charus
848 303 931 364 dium
948 303 1073 382 majone
1092 305 1194 380 operis
1214 301 1431 364 Grammaticus
1453 303 1560 366 1444444-

84 403 134 463 Pio
153 399 191 460 ll.
207 399 331 470 flumas,
348 411 407 474 quo
424 393 459 458 Α.
478 397 569 458 4464.
583 395 727 458 44144444
743 415 795 459 eu·
848 415 923 474 noc,
943 397 1042 460 adbuc
1059 397 1182 472 1444141,
1202 396 1241 462 44
1257 412 1319 474 quo
1334 395 1467 458 Diarfum
1494 413 1562 460 eru·
1583 404 1585 411 ’

85 481 210 570 spectus
224 491 253 548 in
276 489 399 550 Paulum
422 487 657 566 lincolniense,
675 489 794 568 aufugit
849 491 980 555 diturum
1001 491 1102 552 ltaliae
1116 496 1190 551 4444.
1212 487 1323 554 llxlli.
1345 505 1410 567 pag.
1433 490 1501 554 364.

83 585 235 657 venetias,
246 581 376 659 indeque
389 583 632 660 posttriennium
645 589 794 645 retractus
888 582 1116 663 enucleacius
1126 589 1245 661 septem
1262 581 1405 659 leguntur
1420 583 1498 644 inter
1509 583 1563 646 Sa·

81 677 387 750 annemundum
407 682 548 753 repertus
568 676 681 737 multis
706 679 795 744 annis
848 677 945 738 bellici
965 678 1132 759 Epistulas,
1149 683 1180 737 et
1195 678 1274 736 inter
1295 674 1430 759 Pplitiani
1444 676 1562 754 Episto-

81 787 148 832 cum
170 769 282 832 bonore
303 770 380 832 vixit
401 783 499 846 usque
518 767 555 828 ad
578 767 613 828 Α.
636 769 724 830 4497.
742 770 792 832 24.
849 771 1011 840 1444444,
1031 776 1122 849 atque
1143 787 1201 832 una
1223 771 1302 832 inter
1332 769 1483 848 Epistulas
1512 772 1562 834 14-

82 845 157 942 14411.
173 865 216 924 144
232 877 268 922 44
284 870 352 940 post
369 861 508 922 vossium
526 862 575 922 lll.
593 862 631 922 de
649 862 717 924 frist.
731 865 793 924 lut.
847 864 912 925 cabi
927 854 1092 925 cardinalis
1103 863 1266 941 Papieusis.
1292 863 1387 927 Unum
1400 863 1561 929 laconicam

81 974 146 1036 pag.
167 956 238 1016 643.
257 971 320 1034 scq.
341 961 373 1016 et
395 954 559 1018 llauekium
581 961 654 1016 tom.
678 959 704 1017 4.
724 973 795 1036 pag.
849 956 885 1018 ad
908 951 1562 1038 4444441144441144444344414844444441-

79 1051 145 1114 264.
163 1065 228 1128 444.
246 1055 278 1110 44
294 1056 367 1110 tum.
383 1049 402 1110 2
417 1065 474 1128 pag
502 1049 570 1109 343.
589 1065 653 1126 seq.
670 1049 794 1128 diligen·
849 1065 969 1125 norum,
987 1050 1153 1128 exquibus
1169 1051 1316 1129 originem
1332 1048 1562 1115 ducebatPom·

77 1145 213 1216 tissime,
236 1148 269 1204 ut
290 1141 408 1216 solent,
430 1147 570 1202 auctores
592 1140 677 1202 diarii
694 1143 794 1204 erudi·
847 1145 969 1221 panius,
987 1145 1101 1220 quique
1118 1159 1188 1226 qum
1214 1150 1248 1204 ut
1274 1141 1459 1206 domicilium
1469 1159 1562 1207 suurn

78 1243 174 1298 torum
196 1236 297 1298 ltaliae
312 1240 385 1296 lom.
399 1235 494 1296 lell.
509 1249 574 1313 pag.
593 1234 661 1296 248.
676 1235 793 1316 Scripta
846 1237 986 1315 Neapolin
999 1237 1192 1311 transferret,
1204 1243 1392 1314 mgaveraut,
1405 1253 1464 1300 nou
1475 1255 1561 1317 prac-

76 1326 140 1407 ejus
161 1327 238 1390 haec
259 1335 340 1390 sunt.
654 1351 657 1360 J
846 1331 997 1390 terierim:
1019 1329 1199 1410 Pomponius
1218 1330 1335 1392 444444.
1365 1331 1498 1409 44444414
1530 1339 1561 1394 44

113 1425 140 1483 4.
163 1421 298 1486 Libellus
318 1419 354 1481 dc
376 1423 524 1482 1444444444
543 1417 632 1482 Urbis
648 1429 793 1486 4444444444
841 1421 1016 1503 propinquis
1036 1423 1102 1484 suis
1122 1420 1264 1486 Saluium.
1284 1421 1368 1499 Quod
1379 1425 1491 1504 petitis,
1505 1426 1560 1508 fis·

77 1515 139 1574 sire
159 1512 201 1574 de
221 1514 290 1592 ejus
311 1513 561 1592 antiquitatibus,
583 1516 723 1595 templis,
744 1534 792 1578 se-
843 1515 877 1575 ri
894 1533 953 1576 non
968 1521 1073 1596 potest.
1095 1515 1203 1577 Volcis.

73 1603 227 1686 pulchris,
249 1609 328 1682 viis,
351 1609 464 1686 portis,
499 1607 650 1682 thermis,
680 1613 791 1672 statuis
884 1610 1016 1672 lusditac
1041 1606 1194 1690 Epistulas
1222 1609 1298 1670 aliae
1325 1609 1458 1688 multae,
1480 1613 1558 1678 Car·

73 1707 129 1761 eto.
148 1702 262 1762 Rornae
283 1717 336 1780 per
351 1703 515 1763 liarianum
546 1701 585 1762 44
610 1703 790 1765 Blaochellis
843 1703 944 1764 mina:
961 1708 991 1764 et
1004 1707 1182 1781 mpumenlu
1192 1703 1223 1764 in
1237 1703 1466 1783 Epipruntmota
1474 1706 1557 1768 ider-

74 1796 157 1856 4418.
179 1793 211 1854 4.
232 1795 344 1855 Bonan.
368 1795 454 1857 4526.
478 1792 506 1855 4.
527 1802 653 1858 curante
674 1798 718 1857 lo.
736 1799 789 1859 Ba·
843 1795 933 1860 44114.
956 1796 1146 1860 Glossarium
1166 1795 1321 1858 4444414444.
1344 1797 1556 1878 Inscriptiorur

74 1887 787 1966 441444Ρ1444444444444564844414.4873.
840 1891 982 1970 44444444
998 1888 1087 1954 flebis
1103 1894 1211 1953 14444444
1231 1891 1268 1952 44
1290 1893 1483 1954 Laurentium
1497 1896 1556 1960 144-

74 1981 207 2045 Fruncof.
230 1983 316 2042 4588.
341 1983 427 2046 1828.
448 1988 505 2042 444.
524 1989 556 2042 44
577 1984 678 2044 italice
699 1985 789 2045 Fran·
842 1983 949 2050 414444.
1154 2023 1155 2026 =

72 2077 148 2136 cisco
169 2074 296 2136 Baldelli
318 2076 489 2154 interprete.
512 2076 608 2138 Venct
640 2075 727 2139 4449.
759 2079 786 2137 8.
882 2075 1036 2139 6144444444
1056 2078 1089 2138 io
1111 2077 1267 2158 Virpilium
1286 2094 1360 2142 4444
1380 2095 1448 2140 esse
1467 2088 1558 2160 negat

110 2169 139 2230 2.
157 2170 204 2229 Da
220 2165 465 2246 lfupistrutidus,
482 2167 665 2231 sacerdotiis
686 2175 716 2230 44
733 2171 787 2231 Ju-
842 2170 974 2248 Epistula
995 2169 1033 2232 ed
1053 2171 1258 2250 augustinum
1278 2173 1448 2249 llatfajum:
1470 2175 1500 2234 in
1522 2175 1557 2236 il-

72 2260 223 2342 risperitis
241 2278 278 2322 oc
298 2257 425 2340 Lepidus
445 2261 649 2323 Rauracorum
668 2262 789 2326 libellus
842 2262 936 2324 11444
963 2265 990 2324 l.
1021 2263 1156 2344 Georgia
1188 2271 1300 2326 auctor*
1326 2265 1479 2330 4414444414·
1508 2273 1556 2332 441

73 2354 108 2416 44
128 2358 165 2418 11.
187 2354 405 2434 Pantagathum
424 2358 466 2415 .iu
482 2356 508 2416 4.
527 2356 592 2416 4144
610 2356 673 2416 1444
689 2363 721 2416 44
736 2373 789 2417 en·
842 2354 974 2435 Scythici
992 2361 1174 2420 mentionem
1196 2360 1276 2421 facit.
1312 2395 1345 2420 ·.
1422 2417 1423 2420 ,
1642 2425 1644 2434 ,

73 2464 128 2525 44,
148 2456 180 2510 44
202 2449 284 2510 llum
306 2449 395 2510 4448
418 2449 446 2508 4.
468 2454 499 2509 44
520 2464 591 2510 curn
621 2449 710 2510 Lucio
736 2449 790 2510 Ee·
883 2449 901 2486 ¹*
920 2451 955 2510 lu
985 2451 1153 2512 referendis
1178 2453 1262 2514 libris
1288 2456 1442 2533 Pomponii
1472 2460 1556 2522 Laeti

73 2541 208 2617 nestella,
225 2541 314 2602 144411.
333 2543 424 2603 4523.
440 2542 467 2601 8.
488 2543 788 2604 instituturus
844 2544 938 2606 maiar
962 2543 1038 2604 11444
1066 2547 1096 2606 14
1125 2546 1180 2607 444
1197 2551 1341 2627 scriptore
1357 2549 1555 2614 desideranda

73 2635 312 2697 mirantidus
320 2635 540 2710 Parisibbdd.
548 2636 687 2698 Coloniae
700 2636 789 2698 4667.
844 2643 912 2712 est·,
931 2639 1385 2703 1444444444441444141444.Ι
1405 2645 1558 2726 Pomponii

73 2728 117 2790 42.
132 2727 587 2790 4664444144441444144411
602 2730 673 2808 [lep.
683 2731 788 2791 lfoma-
836 2729 927 2790 Laeti
937 2728 974 2790 de
990 2733 1146 2794 Romanor.
1162 2733 1399 2812 449444ιί444,
1412 2738 1555 2798 saredu-

72 2836 108 2882 na
130 2820 224 2900 lugd.
246 2822 309 2882 Bet.
333 2819 422 2881 4626.
442 2827 474 2881 44
494 2823 523 2881 14
545 2821 669 2901 Philippi
688 2823 786 2884 Caroli
843 2819 902 2894 tiis,
918 2823 1110 2902 Jurr'eperitr's
1126 2824 1304 2905 4444914444.
1320 2829 1396 2892 Tum
1418 2830 1554 2894 eiusdem

72 2911 309 2992 Antiquitatibus
324 2912 467 2974 liomanis
484 2915 616 2976 Francof.
633 2916 718 2977 4643.
737 2915 783 2976 12.
841 2923 893 2976 444
909 2915 1035 2979 alteriue
1045 2916 1081 2980 44
1091 2917 1321 3000 antiquitatibus
1334 2919 1422 2983 urbis
1431 2925 1551 2986 11444444
1683 2921 1690 2936 '

107 3008 135 3068 3.
154 3004 397 3070 anemurium
416 3006 628 3088 compendium
649 3008 733 3068 libris
748 3009 783 3070 11.
840 3009 975 3087 Denique
991 3014 1136 3090 epistolae
1152 3018 1219 3076 eius
1239 3015 1353 3094 aliquot
1373 3019 1552 3096 familiaret3

39 3117 42 3124 ¹
68 3113 84 3156 a
104 3098 228 3160 Balbino
246 3105 278 3159 44
299 3102 428 3179 Pupieno
449 3100 485 3160 ll.
505 3100 540 3161 C.
561 3100 629 3161 237.
652 3100 690 3162 44
707 3103 785 3164 Gon·
840 3102 955 3166 accedit
971 3106 1000 3164 in
1020 3105 1079 3166 fine
1088 3110 1126 3168 41.
1135 3109 1205 3170 444.
1218 3109 1354 3171 Sabellici
1371 3110 1407 3172 ad
1420 3113 1553 3176 lifercum

68 3197 200 3252 44444444
212 3193 337 3253 lieraclii
349 3199 489 3272 nepotem
500 3193 536 3256 Α.
548 3193 616 3254 868.
630 3211 700 3255 cum
711 3211 785 3272 opu-
839 3194 911 3268 Aut.
924 3199 1135 3266 fdauraccnum
1149 3204 1282 3281 equitem
1297 3202 1408 3265 444144
1424 3211 1456 3265 et
1470 3207 1551 3270 obitu

68 3283 153 3344 sculo
174 3281 210 3344 dc
230 3289 342 3346 emcrtu
358 3283 785 3348 14444444414.114441.1148.
839 3299 939 3369 Pomp.
960 3295 1042 3355 Laeti
1058 3295 1192 3373 epistola.
1208 3297 1351 3375 iungitur
1371 3298 1453 3359 hisce
1470 3301 1552 3362 Lucii

67 3372 613 3458 48044441484144414144144431
634 3387 715 3442 tomo
736 3397 784 3441 se-
838 3387 1024 3450 Fenestellae
1051 3385 1089 3448 de
1110 3387 1311 3464 Sacerdotiis,
1328 3397 1360 3450 44
1375 3391 1553 3470 1443144444

67 3466 168 3528 cundo
196 3471 375 3548 scriptorum
404 3472 553 3532 minorum
583 3473 782 3535 Romanorum
837 3481 1077 3543 busliomeucr.
1092 3481 1225 3560 Operum
1253 3482 1333 3545 hunc
1358 3485 1550 3564 complexum

67 3559 201 3622 lraneof.
226 3563 313 3623 4588.
334 3563 782 3632 toi.1.ibellnedelaadn0mete
836 3575 930 3637 edidit
946 3576 1067 3636 Parisiis
1089 3574 1199 3638 1144144
1214 3574 1380 3639 meursius
1395 3595 1444 3638 on.
1462 3581 1551 3643 4814.

42 3723 45 3732 ¹
68 3659 169 3712 exstat
183 3656 273 3715 etiam
287 3671 358 3717 cum
373 3657 492 3718 liuberti
502 3659 637 3720 llunachi
649 3654 782 3722 libris'da
837 3667 1377 3750 1441144444144441414444144444
1387 3671 1549 3736 4444144444

69 3742 144 3805 44114
157 3746 328 3809 Christiano
348 3750 437 3812 144411.
449 3766 499 3829 ap.
511 3753 543 3812 11.
562 3753 638 3813 Petri
661 3755 749 3815 4533.
762 3756 780 3815 4.
836 3763 949 3824 indicet
965 3761 1118 3824 Fabricius
1135 3767 1256 3826 nomine
1272 3764 1456 3828 editionisin
1473 3769 1500 3830 4.
1510 3771 1552 3830 41-

115 3839 203 3900 14444.
216 3843 272 3902 4414
281 3844 433 3921 Pomponii
449 3846 560 3923 scripta
575 3844 702 3922 iunctim
719 3847 781 3908 edi·
836 3871 875 3916 ne
892 3855 955 3916 loco
970 3861 1002 3914 et
1016 3872 1104 3916 anno.
1116 3859 1212 3918 Locus
1228 3860 1308 3918 enim
1327 3867 1358 3920 et
1371 3847 1472 3921 'annus
1490 3878 1549 3921 non

71 3933 283 4012 tufdoguntiae
305 3935 442 4002 48248.
592 3942 596 3948 ’
664 3985 666 3992 .
835 3947 924 4010 datur
941 3949 971 4006 in
990 3946 1049 4008 fiae
1076 3951 1289 4026 opusculorum
1307 3954 1478 4031 Pomponii,
1495 3956 1549 4018 sed

108 4025 781 4110 bucensuitetiumscriptoresueteresprima·
835 4041 864 4098 in
893 4038 952 4100 fine
969 4042 1105 4118 opusculi
1134 4045 1165 4104 L.
1191 4046 1396 4122 Fenestellae,
1413 4049 1493 4130 quod
1518 4052 1548 4109 in

71 4130 143 4195 tque
162 4119 311 4180 editiones
334 4119 621 4194 Tacubisl’armas
643 4125 731 4186 4184.
752 4130 780 4205 a)
835 4131 891 4192 hac
906 4131 1036 4191 editione
1049 4131 1177 4212 jungere
1193 4153 1227 4196 se
1243 4136 1404 4217 opusculis
1426 4142 1549 4220 Pompo

73 4209 223 4288 8444444441,
244 4211 339 4288 Lr'uii,
365 4214 509 4280 Venonii
528 4215 566 4276 44
587 4218 692 4280 Latina
723 4221 781 4281 lin·
833 4227 873 4285 nii
891 4223 1001 4286 Badius
1018 4225 1183 4308 profitetur.
1199 4229 1242 4290 114
1260 4230 1445 4296 Caesaribus
1468 4251 1550 4298 com·

72 4317 139 4379 gua,
156 4303 248 4366 Plinii
263 4305 480 4384 Epistularum,
496 4309 780 4375 institutionisOra-
833 4317 975 4404 pendium
993 4318 1100 4396 prodiit
1116 4321 1548 4404 Venetiiaperurrnarutuum

75 4399 163 4459 toriae
184 4397 378 4476 Quintiliani,
400 4403 480 4462 sicut
499 4405 590 4464 etiam
607 4406 779 4469 emendavit
833 4411 982 4472 Venatum
999 4414 1153 4474 44.·4499.
1172 4417 1198 4476 4.

76 4489 397 4564 incantamentum
407 4494 578 4556 4411441444
590 4497 778 4562 Marcellum.
873 4503 951 4565 Cum
970 4505 1096 4568 444444
1115 4509 1266 4590 Pomponii
1282 4511 1373 4573 rebus
1391 4531 1548 4578 versemur

107 4585 232 4666 Scripsit
252 4593 423 4665 praeterea,
444 4586 481 4648 dc
498 4594 568 4650 crte
581 4597 781 4668 pronunties
835 4597 865 4656 io
882 4595 1018 4674 obscuro,
1032 4605 1090 4660 non
1103 4602 1248 4681 ingratam
1266 4621 1315 4666 me
1331 4621 1451 4684 operam
1463 4625 1548 4692 prae·

837 4685 979 4754 etiterum
1008 4695 1080 4754 viris
1104 4694 1230 4758 eruditis
1255 4696 1401 4774 arbitror,
1427 4702 1453 4764 41
1480 4704 1547 4766 eius

115 4785 140 4846 4)
156 4787 219 4838 orbi.
234 4786 411 4838 844444441444
426 4800 485 4852 pap.
503 4789 557 4839 868.
836 4783 965 4862 elogium
986 4785 1160 4852 historicum
1176 4805 1194 4850 it
1209 4791 1267 4853 lis.
1281 4793 1353 4856 God.
1380 4794 1470 4854 leiim
1494 4794 1547 4856 114-

1269 4911 1327 4973 llo
