3562 5582
189 133 228 196 89
772 133 838 196 till
857 135 881 196 M
898 133 925 196 M
940 135 966 196 Α
983 137 1010 197 ll
1028 138 1040 198 l
1057 135 1080 198 44
1095 137 1116 197 8

100 209 104 216 ’
183 239 256 322 yelii
270 242 402 316 44444444,
429 245 494 302 sive
512 241 715 321 perlectionis‚
733 258 793 320 quo
815 244 908 322 Spiri-
964 259 1029 306 mes
1046 243 1084 306 ad
1108 243 1231 306 Annam
1258 243 1325 306 899.
1343 247 1374 304 et
1389 243 1570 304 Mabillonius
1583 250 1665 322 atque

79 415 80 419 Ἰ
185 342 237 397 tus
252 335 382 396 Sanctum
406 334 462 395 hnc
482 335 567 398 titio.
589 341 674 396 esset
700 342 906 398 evacuaturus
962 329 1344 398 Marciunueusedidereer
1357 333 1669 398 vetustissimoccdice

184 425 383 506 Evangelium
410 427 535 489 CHristi.
557 426 615 489 hlii
637 435 740 490 tumen
769 427 908 507 injuriam
963 431 1202 508 Corbey'ensiseu
1217 431 1476 507 sangermanensi,
1490 429 1673 490 litterisscri·

184 523 248 582 deri
264 522 393 582 Genesin
409 522 593 596 existimant,
607 521 677 582 vide
694 523 737 583 sis
754 523 906 586 Oudinum
965 531 1018 604 pte
1044 522 1286 604 longobardicis,
1314 524 1364 601 qui
1386 537 1501 597 annos,
1519 528 1552 583 nt
1577 521 1673 600 ajunt,

184 622 255 675 tum.
274 617 303 675 9
318 632 346 693 p,
364 614 431 674 sti.
453 629 519 692 seq.
962 618 1095 696 praefert
1113 618 1182 696 plus
1197 615 1396 694 mille,atque
1407 618 1536 696 scaptos
1549 619 1672 694 antiquis

224 705 442 768 GENNleUS
454 706 651 770 Massiliensis
663 711 825 790 Presbyter
835 717 905 772 ante
961 709 1190 771 characteribus
1204 709 1430 789 Merovingiois,
1444 709 1500 771 hoe
1513 715 1602 788 ceput
1616 727 1676 770 cae

183 802 240 864 hu.
260 803 327 862 498.
344 803 370 876 a)
388 803 418 862 S.
436 803 612 880 Hieronymi
634 802 773 883 exemplo
784 805 906 884 scripsit
964 801 1021 863 teri
1033 803 1163 879 codices,
1177 803 1674 882 caeteraequeeditionesignorantt

184 893 294 956 librum
310 893 346 954 de
357 893 436 956 ariis
452 893 638 972 illustribus,
654 912 745 974 quem
757 913 826 960 eum
837 899 905 968 Mie-
959 895 1076 974 ignorat
1087 897 1182 956 etiam
1194 895 1357 974 singularis
1374 894 1475 956 Codex
1490 896 1673 967 Veronensis,
1734 886 1736 892 ’

182 999 307 1066 mnymo
331 1005 392 1048 uno
408 1005 532 1068 corpore
549 991 696 1050 sociatum
724 996 759 1052 ut
776 992 806 1050 in
827 995 904 1052 anti·
958 987 1072 1066 dequo
1090 989 1165 1050 haec
1192 991 1301 1049 Petrus
1318 995 1349 1048 et
1370 989 1568 1067 Hieronymus
1587 987 1672 1048 Alani

182 1083 328 1159 quissimo
343 1082 508 1143 Veronensi
527 1082 637 1144 Codice
652 1081 740 1143 hodie
756 1085 903 1162 conspici·
959 1082 1069 1142 iratres
1084 1083 1255 1155 ballerinii,
1272 1083 1462 1142 veronenses
1480 1083 1507 1142 in
1532 1079 1674 1144 Observa·

181 1182 248 1251 tur,
272 1174 336 1252 jam
356 1175 429 1235 olim
456 1175 616 1253 reliquisse
639 1187 673 1236 ss
703 1181 835 1238 testatus
855 1183 904 1238 est
959 1176 1091 1246 tionibus
1106 1174 1144 1236 ad
1162 1174 1364 1236 laudatissimi
1381 1172 1484 1236 Morisli
1494 1175 1590 1254 Opera
1606 1182 1671 1234 tom.

169 1259 379 1328 ¹Cassiodorus
396 1265 470 1328 libra
486 1266 524 1328 de
538 1269 655 1328 Divinis
670 1271 751 1330 beet.
772 1285 835 1350 cap.
856 1271 903 1333 47.
963 1269 1009 1329 tv.
1026 1285 1093 1348 pag.
1106 1269 1174 1330 995.
1191 1269 1228 1329 ln
1243 1266 1380 1347 Capituli
1393 1267 1565 1328 Veronensis
1577 1263 1677 1328 Biblin-

181 1361 286 1437 ltaquc
298 1366 329 1420 et
340 1363 371 1419 in
389 1361 563 1439 Hieronymi
576 1361 709 1439 Operum
723 1363 905 1426 editionibus
961 1359 1063 1438 theca,
1082 1361 1113 1421 iu
1131 1377 1194 1442 qua
1210 1362 1304 1424 varia
1319 1360 1531 1422 custodiantur
1549 1359 1676 1442 perarm-

179 1453 218 1514 ab
231 1453 288 1513 An.
307 1455 394 1532 4468,
417 1471 507 1534 saepe
525 1457 661 1534 repetitis
682 1471 831 1519 excusum
849 1457 905 1520 hoe
961 1471 1022 1535 pua
1039 1455 1237 1532 MSta,iuter
1249 1471 1329 1537 quae
1345 1450 1412 1516 alia
1428 1455 1512 1516 senti
1522 1453 1615 1533 seculi
1626 1453 1677 1514 ini

179 1544 328 1608 Gennadii
344 1551 491 1627 seriptum
509 1548 665 1626 habemus,
683 1551 714 1610 in
730 1553 906 1614 Frenaoiur·
961 1548 1001 1610 tio
1015 1565 1084 1610 eum
1104 1548 1270 1612 Consulum
1280 1548 1358 1612 netis
1373 1551 1506 1610 4444444444
1521 1553 1603 1625 sunt,
1618 1545 1676 1607 alia

180 1642 259 1701 tansi
283 1638 343 1702 ho.
355 1641 455 1703 4484.
474 1645 565 1704 etiam
581 1644 642 1718 bis,
669 1646 763 1706 semel
782 1651 854 1705 tem.
877 1649 905 1709 l.
956 1641 1153 1723 paulopost,
1169 1642 1319 1723 pleraque
1336 1645 1405 1702 unte
1432 1640 1586 1702 decimum*
1600 1655 1676 1701 seeu-
1742 1685 1747 1700 .

181 1746 247 1812 pag.
264 1734 333 1796 sor.
359 1741 452 1813 atque
470 1737 581 1798 lterum
599 1743 681 1800 terno
699 1741 727 1799 4.
747 1755 813 1820 pag.
830 1741 903 1801 ssi.
962 1734 1045 1796 lum:
1062 1736 1094 1796 in
1110 1736 1182 1812 huc,
1200 1737 1340 1816 inquom,
1360 1731 1542 1796 Bibliotheca
1558 1733 1675 1812 iasiynis

181 1825 292 1886 Prodiit
318 1843 439 1906 quoque
465 1843 537 1890 unm
568 1827 742 1909 Hieronymi
774 1831 847 1892 libro
868 1831 906 1892 de
961 1828 1118 1892 estendam
1136 1828 1371 1909 Germadii,qui
1382 1827 1558 1909 majusculis
1575 1824 1674 1889 litteris

181 1919 260 1979 Viris
285 1920 453 1984 illustribus
489 1923 577 1984 Basll.
605 1925 693 1986 4899.
724 1927 750 1985 4.
780 1926 906 1986 Erasmo
960 1923 1093 2004 scriptus
1111 1923 1159 1984 sin
1181 1929 1280 1984 aetate
1296 1921 1416 2002 major,
1433 1927 1466 1982 at
1481 1922 1577 1983 minor
1601 1925 1674 1981 certe

182 2021 318 2090 curante,
331 2021 363 2076 et
376 2031 447 2078 cum
459 2017 582 2078 scholiis
596 2018 717 2082 Sudridi
733 2022 821 2097 Petri,
834 2023 906 2081 Len
963 2017 1135 2080 corbeiensi
1153 2033 1212 2078 non
1227 2015 1355 2078 videtur.
1368 2013 1531 2076 'Veriamm
1546 2014 1673 2076 4444444444

188 2105 359 2168 vardiensis
375 2110 477 2184 Frisii,
496 2111 598 2172 Gelon.
618 2113 705 2173 tilde.
719 2116 747 2174 8.
759 2116 810 2192 qui
823 2117 905 2175 simi·
959 2124 1038 2190 quoe
1048 2109 1232 2190 praeclaros
1249 2115 1337 2186 sunt,
1354 2126 1423 2172 eum
1437 2105 1674 2189 Corbejemiy'ere

183 2196 228 2257 les
246 2197 363 2261 libellos
379 2201 494 2262 lameri
507 2205 588 2284 Hisp.
604 2206 762 2285 Episcopi,
779 2208 907 2268 Moruni
958 2203 1145 2279 conueniunt,
1159 2203 1239 2265 aliae
1249 2207 1350 2266 autem
1361 2207 1433 2264 sunt
1439 2199 1671 2282 praestantiores

178 2291 904 2380 Presbyterihugustodunensis,Sr'yebertrtlern-
957 2293 1049 2358 multo
1065 2301 1095 2357 et
1109 2295 1324 2358 emendatiores
1353 2311 1431 2376 pisae
1448 2295 1488 2356 art
1501 2296 1579 2356 hisne
1601 2289 1671 2353 seri-

178 2381 329 2446 blacensis
346 2387 480 2452 Monaehi
496 2397 528 2451 et
545 2391 673 2452 Henrici
686 2392 723 2453 de
740 2394 901 2472 6444444444,
952 2394 1070 2469 preren
1095 2387 1206 2450 deduci
1232 2395 1353 2472 queant.
1382 2387 1471 2466 Quod
1498 2387 1609 2470 majori
1634 2389 1672 2447 ert

178 2473 386 2540 archidiaconi
399 2483 601 2546 Toroacensis
611 2487 780 2563 subjunxit.
793 2477 902 2551 lisde'm
956 2481 1218 2544 animadversione
1232 2482 1374 2563 44494444.
1387 2487 1417 2542 ei
1427 2482 1469 2542 ed
1481 2481 1599 2545 04444444
1613 2495 1674 2558 944·-

174 2567 336 2648 iunctum,
354 2573 455 2636 addito
472 2585 630 2656 praeterea
653 2579 799 2663 Ilrletensi
817 2585 903 2645 'lole-
957 2576 1132 2638 mam'tatem
1159 2573 1376 2637 declarandam
1401 2573 1483 2638 valet
1495 2573 1672 2656 plurimum,

177 2664 239 2722 tant
256 2664 356 2728 libello
373 2668 467 2730 edidit
495 2671 723 2752 illustravitque
749 2674 903 2738 hubertus
958 2675 1016 2746 est,
1029 2669 1133 2734 deesse
1150 2671 1182 2730 in
1196 2670 1250 2731 lrec
1272 2669 1381 2734 Codice
1393 2669 1506 2749 eapite,
1520 2666 1628 2748 9444ὂὶ44
1640 2665 1673 2725 de

176 2757 304 2820 Miraeas
320 2763 348 2821 in
366 2763 549 2827 bibliotheca
573 2767 809 2846 Ecclesiastico,
828 2770 904 2832 hot·
957 2764 1155 2843 Hieronymi,
1171 2765 1304 2825 Caesarii
1322 2762 1527 2839 Arelatensis,
1546 2761 1669 2830 Sidonii,

176 2866 272 2932 werp.
302 2855 390 2917 4889.
414 2857 463 2918 tol.
491 2867 582 2937 quain
606 2875 676 2922 cum
695 2864 783 2924 novis
800 2871 903 2926 aucta·
957 2859 1096 2918 lloaorati
1127 2857 1319 2921 Cmutantrbe
1348 2857 1511 2940 Episcopi,
1543 2853 1666 2919 cerealis

178 2946 230 3006 riis
246 2949 272 3022 al
294 2949 498 3012 recudendam
527 2951 597 3014 dedi
623 2953 785 3035 Hamburg.
812 2957 900 3019 l'll8.
955 2948 1119 3031 Africani,
1152 2951 1279 3029 Eugenii
1311 2949 1590 3030 Carttoyinieusis,
1621 2947 1670 3007 Po·

179 3038 227 3098 iol.
239 3041 653 3123 Separatimpraeterearidit
665 3049 763 3110 iucem
774 3051 900 3112 Helmst.
956 3045 1059 3120 nterii,
1078 3046 1217 3105 Honorati
1234 3042 1432 3106 Massiliensis
1458 3041 1598 3124 operibus
1613 3037 1668 3100 4444

178 3148 216 3190 cx
238 3133 413 3196 recensione
434 3139 560 3200 loannis
585 3155 602 3200 a
624 3141 749 3202 Fuchte.
773 3143 899 3204 Helmst.
954 3129 1666 3217 4444444944ὖὶθοάίσεθονὸθίωὶδΐῑθφωωῆ

179 3225 267 3287 44449.
283 3228 310 3287 4.
325 3234 441 3292 etcum
456 3232 578 3292 scholiis
595 3233 667 3294 Rev.
685 3235 717 3294 4).
733 3235 901 3297 Salomonis
954 3247 1007 3318 pree
1021 3247 1080 3290 non
1094 3230 1125 3291 in
1139 3229 1264 3290 madata
1281 3233 1316 3292 P.
1332 3229 1522 3292 diareicnaei
1543 3225 1668 3290 editione.

177 3318 299 3380 Ernesti
313 3323 454 3401 Cypriani
463 3371 471 3397 ,
487 3327 538 3403 qui
550 3321 740 3388 Gennadium
755 3343 825 3389 curn
844 3329 902 3391 Co·
952 3323 1068 3385 Desinit
1083 3323 1281 3385 inGennadio
1291 3327 1321 3384 et
1335 3321 1469 3400 inclusio,
1482 3329 1608 3402 quorum
1618 3315 1670 3380 eie

177 3410 243 3472 dice
259 3411 523 3494 Gvelpherbytano
534 3421 565 3478 ct
576 3417 817 3499 Nerimbergensi
830 3437 902 3483 oon-
954 3418 1008 3498 pia
1025 3417 1057 3478 iu
1074 3415 1250 3500 Corbejensi
1264 3417 1380 3480 4444444.
1396 3418 1481 3493 Quae
1497 3433 1569 3476 vero
1584 3415 1613 3474 in
1626 3425 1671 3471 no-

177 3505 262 3566 tulit.·
285 3509 351 3570 len.
370 3508 458 3570 4798.
475 3510 505 3570 4.
521 3513 657 3591 Plerique
671 3513 899 3591 CodicesMSti,
955 3517 1017 3571 stro
1047 3509 1155 3573 Cortice
1178 3510 1270 3574 simul
1295 3517 1325 3572 et
1353 3508 1533 3590 corbeiensi
1556 3507 1670 3572 denset,

178 3599 257 3659 sicut
273 3600 423 3663 editiones
437 3619 559 3682 quoque
579 3611 611 3666 et
624 3607 792 3686 Honorius,
810 3622 901 3688 cuyus
955 3603 1056 3684 omnia
1066 3599 1225 3664 obmutui
1236 3604 1367 3684 natique
1379 3593 1673 3678 editioneHierouymi

177 3691 252 3753 liber
269 3693 424 3758 secundus
440 3697 479 3758 de
500 3697 701 3762 luminaribus
727 3702 900 3777 Ecclesiae,
955 3695 1006 3756 4444
1016 3695 1165 3757 04444αᾶἱί
1181 3695 1346 3775 Cntclcpus
1362 3695 1496 3776 4444444444
1512 3698 1568 3768 444.
1585 3705 1668 3773 imm

176 3783 323 3847 deonanti
337 3789 522 3852 breviarium
539 3793 652 3867 reteri,
671 3800 702 3854 ec
716 3796 901 3857 Trirhemius
954 3786 1669 3874 Epecopmserr·ensisloannesnndreasltun.

175 3895 240 3958 cap.
261 3881 327 3942 488.
355 3882 465 3946 librum
496 3886 674 3964 incipiente
691 3885 802 3948 luendo
819 3889 901 3952 Nisi·
955 3885 1041 3945 4468.
1060 3884 1108 3945 inl.
1120 3882 1339 3965 promulpneit.
1355 3883 1545 3960 corbeiensis
1554 3879 1667 3944 Codicis

116 3991 123 4004 ¹
176 3971 266 4036 beno:
281 3976 366 4048 Quod
382 3985 486 4040 auteur
506 3981 618 4060 prologi
646 3981 713 4042 vice
729 3999 767 4042 er
792 3983 900 4046 codice
953 3979 1111 4040 Lectiones
1136 3979 1343 4040 Marcianaeus
1361 3979 1391 4038 in
1421 3977 1600 4053 Hieronymo
1619 3985 1669 4032 suo

174 4072 349 4132 Martiniano
367 4073 470 4134 attulit
487 4073 639 4136 Sullridus
655 4077 733 4136 Petri
755 4085 845 4157 eaput
862 4076 900 4141 de
952 4073 1127 4142 4444044444.
1152 4086 1243 4150 quem
1266 4073 1295 4132 49
1322 4071 1503 4133 849440414904
1527 4065 1668 4130 Ecclesia·

175 4162 372 4245 Hieronymo,
389 4167 469 4245 quod
488 4169 559 4248 legit
576 4175 608 4230 et
623 4169 816 4232 Marcellinus
844 4173 900 4236 Cn
953 4167 1029 4226 stica
1039 4167 1106 4244 ipse
1122 4171 1249 4227 secutus
1264 4167 1333 4227 suin
1347 4161 1610 4226 libenter.Codicis
1619 4157 1670 4220 ve·

952 4260 1090 4320 renensis
1123 4259 1176 4320 sed
1202 4275 1315 4337 paucas
1348 4256 1494 4337 quasdem
1531 4255 1668 4317 tentiones

216 4371 241 4432 ι)
259 4375 319 4424 yyy,
330 4379 467 4430 mmmm„
480 4381 551 4431 noers
569 4384 599 4432 11,
616 4379 653 4431 10,
671 4385 735 4434 qm,
752 4383 843 4448 mg·
857 4387 903 4436 m,
952 4354 1105 4431 excerpsit
1128 4354 1255 4414 illustris
1271 4353 1396 4414 Malleus
1414 4351 1449 4412 ad
1474 4351 1586 4412 calcem
1604 4363 1669 4424 sup-

171 4451 330 4500 Gennadium
345 4455 565 4518 semipelagianis,
585 4465 703 4509 aecensus
721 4463 803 4522 sique
827 4461 905 4510 etium
952 4445 1097 4524 piamenti
1122 4446 1259 4509 Aeaeiani
1274 4495 1281 4524 ‚
1299 4448 1408 4507 Ventri..
1436 4443 1523 4506 ⁴728.
1545 4445 1573 4504 8.
1593 4437 1667 4502 editi.
1748 4471 1749 4476 κ

174 4525 235 4574 ⁶¹⁸⁸·
250 4525 282 4576 ⁶⁰
297 4527 325 4575 V·
351 4528 450 4587 449099
466 4543 523 4595 ees·
551 4533 597 4582 ¹¹⁸
624 4534 693 4598 4494
708 4533 793 4586 tacere
814 4537 904 4586 444444
953 4537 1086 4602 Alteram
1104 4537 1301 4602 etiameitnm
1316 4541 1346 4602 S.
1364 4535 1539 4618 Hieronymi
1550 4555 1587 4597 err
1602 4531 1668 4594 deo

171 4599 247 4726 πὺξ
259 4600 904 4750 mali},atffi‘nfsgffhggerffs⁹⁸:032?
954 4632 1011 4693 bris
1026 4637 1158 4694 vetustis
1175 4634 1336 4695 codicibus
1355 4633 1536 4692 buxeriensi
1551 4636 1581 4690 et
1598 4627 1666 4690 San·

171 4753 205 4800 ni
224 4763 249 4813 p.
267 4749 320 4801 144.
339 4763 417 4816 seqq.
954 4726 1086 4788 Gallensi
1118 4727 1282 4806 publicavit
1313 4725 1454 4799 laudatus
1489 4719 1666 4788 Mabillcoius

214 4823 244 4885 4))
260 4829 321 4878 scta
336 4827 459 4880 urnam.
479 4827 549 4883 4144.
566 4843 623 4894 pag.
639 4835 695 4885 444.
855 4825 858 4834 '
896 4881 899 4888 ,
954 4825 1027 4881 tom.
1054 4822 1083 4880 4.
1109 4819 1242 4880 hnaleet.
1267 4817 1348 4896 ledit.
1376 4834 1472 4879 novae
1503 4833 1568 4896 pag.
1594 4809 1664 4882 494.)
