3624 5600
725 113 979 178 JOANN.BS

102 218 248 280 nartzbon
263 219 363 279 hahita
380 217 416 279 de
433 216 587 280 duodecim
604 218 734 283 eneidiis
751 237 821 282 san-

101 315 167 370 otae
186 309 356 390 Malchionis.
737 347 741 352 ·

140 404 260 465 laudm
276 405 466 484 quorundam
486 409 677 470 Sanctorum.

141 499 185 558 lle
206 495 347 564 manilius
368 497 432 560 olei
450 499 579 580 loseph,
602 502 677 563 liber
698 505 728 564 in
752 505 818 565 XX.

98 591 262 652 distinctus
281 591 430 669 capitula,
463 593 500 654 ad
533 595 705 674 christoph.
740 597 820 657 inid.

99 684 138 744 de
160 683 326 754 lieddwiz,
346 685 577 765 bambergensis
590 689 748 750 'Ecclesiae
765 691 820 751 Ga-

100 780 253 850 nanicum,
266 785 298 838 et
314 777 472 840 Maeones
494 777 730 862 supplicatorias
747 787 818 858 ires,

100 868 237 952 Officium
256 869 368 932 Missae
387 879 420 933 et
439 875 603 953 Sequentia
624 877 654 934 in
675 875 819 937 suadem.

139 965 255 1026 Contra
274 965 457 1042 simoniam,
476 973 507 1028 et
517 965 670 1047 peculium
683 982 820 1048 quarun-

97 1056 167 1118 dam
189 1049 381 1134 Maniolrirm,
403 1060 440 1120 ed
463 1061 671 1127 burchardum
693 1062 730 1123 de
749 1065 821 1124 ilor-

99 1149 195 1224 oeclr,
218 1149 381 1212 Medicinae
402 1153 573 1216 Ductorem.

140 1244 207 1304 Vita
223 1245 254 1306 8.
269 1245 402 1306 irminae
421 1245 569 1325 Virpinis,
587 1249 746 1329 hugoberti
764 1251 821 1310 lie-

99 1338 146 1415 gis
168 1337 266 1414 tiliae,
286 1340 402 1416 primae
434 1339 614 1402 abbatissae
646 1344 675 1402 in
710 1343 821 1403 liorreo

98 1431 282 1490 Trevirensi.
305 1452 308 1461 ¹
434 1451 455 1460 ··
684 1479 688 1488 .
711 1509 712 1512 Ἴ

137 1523 257 1586 Laudes
271 1527 303 1587 8.
319 1524 459 1586 Andreae
476 1525 609 1607 Apostoli
618 1554 633 1604 ,ι
646 1531 676 1590 8.
696 1529 820 1591 Benedi-

98 1618 143 1677 cti
160 1613 307 1696 abbatis,
328 1618 409 1679 oilae
430 1620 636 1694 Monostieue,
658 1637 750 1683 oeroe
763 1640 820 1703 pa-

99 1711 227 1772 tientiae.
259 1709 262 1718 '

139 1803 258 1866 Laudes
279 1812 308 1866 et
327 1803 472 1866 utilitates
502 1806 598 1868 shrdii
626 1813 656 1869 et
686 1807 819 1872 lectionis

98 1897 277 1979 Sarapiacae
297 1900 329 1960 S.

137 1989 321 2071 lloaoloyion
352 1986 478 2052 hominis
508 1991 607 2057 deuoti
623 1989 666 2060 ad
684 1995 817 2056 aninam

96 2100 194 2146 ruam
217 2093 221 2101 “
811 2097 813 2104 “

138 2175 334 2238 Naturalium
351 2179 561 2258 quaestionum
575 2181 611 2241 ad
627 2172 819 2244 laeohimum‘

96 2270 298 2332 Marchianem
321 2273 644 2350 brandenburgensem
666 2271 739 2335 libri
759 2275 816 2336 llll.

136 2363 333 2425 ltirrmorium
349 2366 431 2426 uitae
447 2381 523 2426 suae
534 2365 571 2441 od
588 2367 732 2428 lucabum
751 2370 816 2428 Tri-

100 2459 248 2520 themium
269 2459 392 2520 tratrem
416 2475 527 2534 suum,
550 2459 637 2520 libris
655 2461 691 2520 ll.

134 2549 286 2630 Epistolae
306 2552 395 2631 longe
417 2553 521 2630 plures
541 2552 641 2612 editis.
665 2597 666 2602 .

135 2645 275 2728 Officium
292 2647 403 2706 Missae
420 2645 456 2706 de
472 2646 677 2725 compassione
694 2647 726 2707 B.
745 2649 815 2709 Ma·

7 2771 8 2782 .
95 2737 162 2801 riae
186 2739 326 2820 Virpinrs.
683 2765 685 2771 ’
759 2743 761 2748 ’

7 2877 10 2896 .
134 2834 178 2894 De
197 2831 309 2911 Ampelo
328 2833 474 2913 proprio,
494 2835 585 2894 Missa
600 2839 630 2893 et
644 2835 812 2895 hosarium.

1534 123 1589 186 tii

876 226 1029 303 quaginta.
1068 226 1204 303 Denique
1237 226 1315 286 inter
1348 229 1478 306 scriptas
1508 247 1526 290 a
1558 245 1592 290 se

876 317 1119 380 elucubrationes
1139 319 1255 380 ooalert
1280 319 1409 380 liosarm
1436 321 1532 387 multa
1554 322 1592 382 de

877 409 1009 472 diversos
1026 413 1078 474 SS.
1091 413 1229 474 Patribus
1247 415 1343 490 Petro,
1363 413 1462 490 Paulo,
1480 417 1517 476 M.
1533 417 1593 476 Ma·

876 503 1003 580 gdalena
1023 512 1054 564 et
1075 504 1266 576 alhmonem
1288 505 1399 566 librum
1422 507 1510 569 titulo
1531 508 1595 569 Na·

876 595 1022 656 horatium
1038 595 1246 676 quaestionum
1264 597 1419 658 Fabricius
1437 597 1485 659 hic
1499 599 1595 660 adno'

875 691 974 764 tavit,
1006 689 1087 751 hunc
1121 690 1211 751 credo
1241 707 1258 751 a
1285 691 1453 756 -Trithemio
1481 692 1591 752 ibidem

874 781 1592 862 designatumaubepigraphePanalelliios‚·eun-

874 874 1005 952 demque
1020 878 1049 942 in
1061 874 1153 936 libros
1170 881 1289 937 tantum
1308 877 1386 936 xiv.
1404 893 1462 937 non
1480 879 1539 938 XX
1556 885 1591 938 ut

875 966 923 1027 hic
934 967 1087 1051 Fabricius
1103 968 1281 1030 distinctum
1296 969 1435 1030 aliinnat.
1449 971 1482 1030 la
1500 985 1587 1048 regu·

876 1060 934 1120 lom
954 1062 984 1122 S.
1001 1061 1154 1122 Benedicti
1184 1063 1243 1122 non
1271 1070 1351 1136 tres,
1373 1063 1426 1122 sed
1455 1065 1591 1140 geminos
1623 1061 1624 1064 ’

876 1159 995 1214 uotum
1014 1153 1105 1215 libros
1122 1154 1244 1216 dedisse
1258 1169 1347 1228 sese,
1367 1154 1445 1230 idern
1473 1157 1592 1218 Trithe·

877 1248 957 1307 mius
973 1253 1040 1308 tum
1058 1249 1087 1306 in
1106 1246 1211 1308 eadem
1230 1247 1377 1326 epistole,
1396 1265 1465 1310 cum
1485 1251 1513 1308 in
1533 1249 1591 1310 lle

874 1339 981 1419 ¹piacho
1009 1347 1149 1402 testetur.
1172 1343 1233 1402 Mac
1251 1357 1324 1402 vero
1345 1357 1422 1420 opus
1446 1360 1588 1405 mancum

875 1447 944 1494 esse
960 1433 1078 1496 duobus
1092 1435 1176 1496 libris
1194 1437 1257 1513 ipse
1275 1435 1462 1498 trithemius
1483 1439 1514 1496 in
1534 1438 1590 1500 Me-

874 1521 1084 1604 piecboadditss
1254 1596 1258 1602 ,

915 1621 1000 1681 Vitae
1010 1623 1040 1684 S.
1053 1623 1174 1682 Maximi
1185 1615 1513 1701 praefixitTrithemius
1527 1626 1590 1703 epi·
1639 1681 1641 1697 ,

875 1715 983 1775 stolam
1000 1715 1037 1779 ad
1056 1714 1213 1776 albertum
1229 1733 1246 1776 e
1262 1715 1483 1777 marchionibus
1497 1718 1589 1776 Bran-

873 1806 1114 1886 deburgensibus
1145 1807 1412 1887 Archiepiscopum
1438 1809 1588 1887 Mogonti-

874 1906 995 1960 namet
1012 1901 1042 1960 S.
1056 1901 1089 1960 a.
1106 1901 1141 1961 Ε.
1160 1899 1359 1972 cardinalem,
1376 1901 1463 1962 culus
1477 1902 1588 1980 epista-

873 1991 919 2052 lae
936 1993 1102 2080 magmenta
1124 1992 1271 2070 quaedam
1297 1993 1531 2055 reculasnrius
1556 1996 1586 2054 in

872 2085 1054 2162 pmeiation'e
1075 2101 1129 2146 sua
1161 2085 1198 2147 ed
1229 2089 1320 2148 vitam
1348 2086 1378 2146 S.
1400 2088 1521 2148 Maximi
1548 2086 1587 2146 sd
1687 2165 1691 2174 ι

872 2176 951 2239 diem
971 2179 1017 2239 l8.
1030 2180 1104 2240 Nor.
1121 2181 1267 2258 integram
1287 2195 1359 2239 vero
1377 2179 1429 2240 dat
1446 2181 1589 2240 latomus

872 2274 901 2332 in
918 2271 1052 2349 catalago
1068 2271 1325 2351 archiepiscopum
1346 2275 1587 2352 Mogontinorum

872 2364 951 2442 quad
969 2379 1045 2444 opus
1062 2365 1173 2444 iegitur
1202 2367 1231 2426 in
1259 2366 1396 2427 Menken.
1422 2368 1490 2427 lter.
1515 2365 1589 2426 Ger·

872 2459 1012 2524 manicas.
1031 2463 1053 2517 t.
1072 2459 1122 2518 ill.
1139 2475 1168 2537 p.
1187 2459 1258 2519 439.

910 2552 995 2611 later
1008 2567 1099 2630 opera
1117 2551 1229 2613 inedita
1246 2555 1302 2612 viri
1321 2553 1412 2615 huius
1435 2551 1516 2614 docti
1539 2567 1589 2612 ar.-

871 2643 1024 2704 censenda
1047 2649 1096 2702 est
1119 2646 1209 2704 etiam
1228 2642 1345 2705 collatio
1373 2643 1409 2705 de
1425 2641 1589 2724 Reproblica

871 2731 1013 2796 cmlerim
1040 2741 1070 2796 et
1096 2735 1266 2797 Monaohor.
1291 2735 1362 2796 Ord.
1381 2737 1418 2796 it.
1437 2734 1590 2796 Benedicti

871 2825 994 2888 habitae
1022 2824 1162 2890 Coloniae
1179 2825 1358 2907 asinaspi.
1378 2827 1465 2907 ties.
1492 2845 1584 2906 quem

7 3231 8 3238 ¹
92 3208 180 3268 stolo.

93 2927 238 2989 Similiter
258 2919 294 2986 de
315 2929 346 2989 S.
376 2925 479 2988 llario
499 2923 698 3004 Maqdoleno‚
722 2925 758 2987 de
776 2929 810 2988 8.
869 2939 907 2982 ex
923 2923 982 2983 MS.
1001 2922 1074 2986 Cod.
1093 2921 1238 2983 abbatae
1256 2923 1492 2983 Marchiunensis
1509 2920 1588 2980 indi·

7 3063 8 3092 .
93 3022 182 3082 Petro
203 3019 365 3098 Apostolo,
386 3018 422 3080 dc
438 3019 471 3078 B.
497 3017 616 3098 Viryine
631 3065 638 3094 ,
652 3017 689 3080 de
710 3021 741 3081 8.
763 3021 813 3078 lo·
867 3020 940 3076 cant
954 3017 1008 3075 i’P.
1023 3016 1156 3076 Martene
1181 3020 1214 3075 et
1233 3013 1363 3078 Durend'
1384 3018 1423 3073 in
1441 3014 1509 3073 itia.
1527 3013 1587 3073 Lit-

92 3129 169 3174 anne
201 3113 397 3192 Evangeiisia
419 3119 451 3172 et
471 3110 507 3172 dc
527 3114 558 3174 8.
580 3111 704 3186 Andrea
735 3113 812 3192 Apo-
868 3115 922 3168 ter.
940 3109 977 3168 ll.
997 3125 1026 3187 p.
1048 3108 1247 3170 98.·hdditur
1274 3107 1311 3168 ihi
1341 3114 1372 3167 et
1401 3106 1521 3168 libellus
1549 3105 1586 3166 de

867 3215 951 3262 cura
960 3199 1112 3282 pastorali
1131 3200 1269 3262 eiusdem
1289 3199 1441 3262 luthorio.
1550 3243 1553 3248 ·

134 3295 324 3361 Emeruitium
338 3299 427 3359 totius
443 3297 535 3374 Vitae,
549 3297 680 3360 Actionis
694 3305 724 3360 et
738 3301 812 3361 Pas·
906 3293 1078 3356 lOANNMS
1103 3293 1267 3355 lutherius
1288 3292 1548 3372 Norimbergensia
1567 3309 1586 3353 a

91 3394 186 3456 smmis
217 3391 337 3453 Domini
361 3391 461 3454 nostri
480 3392 560 3452 lllsu
594 3393 735 3465 Cllrisii,
757 3411 812 3472 per
866 3387 972 3448 Vossio
993 3403 1060 3466 pag.
1082 3389 1254 3474 atheiater
1279 3387 1438 3447 historicos
1465 3387 1588 3446 Latinas

91 3487 216 3548 modum
237 3487 391 3547 Orationis
411 3492 443 3546 et
464 3488 629 3564 gratiarum
651 3487 787 3546 achonis.
866 3488 1051 3542 memoratur
1070 3483 1214 3560 moniam
1236 3480 1303 3560 ejus
1325 3480 1384 3541 iter
1417 3478 1587 3560 Hierosoly-

135 3581 153 3618 *
174 3579 210 3640 la
232 3579 373 3658 catalogo
393 3593 462 3657 opp.
481 3575 623 3640 Germani
644 3578 735 3639 huius
758 3578 810 3639 do-
863 3573 1010 3635 mitanum
1029 3580 1119 3654 atque
1139 3574 1337 3655 AEpyptium,
1358 3573 1438 3653 quod
1472 3574 1585 3634 descri-

7 3681 8 3744 j
92 3665 222 3736 atissimi
257 3675 360 3752 emisit
397 3673 551 3733 Fabricius
582 3670 809 3732 hemiolionem
865 3671 925 3746 psit
945 3669 1001 3729 ha.
1025 3668 1115 3731 4479.
1136 3667 1335 3746 Germaniae,
1358 3674 1462 3748 postea
1490 3669 1583 3728 etiem

7 3765 8 3776 ³
93 3769 130 3828 ab
151 3769 217 3846 ipso
238 3764 414 3826 adornatum
432 3765 610 3844 Theologiae
627 3767 762 3826 misticae
777 3768 809 3827 S.
868 3763 973 3823 Latine
994 3762 1071 3823 vidit
1091 3762 1202 3824 lucem.
1245 3775 1250 3783 ’

7 3849 8 3912 3
93 3860 247 3936 Dionysii,
270 3861 358 3920 cuius
379 3858 566 3919 Trithemius
588 3859 652 3935 ipse
670 3859 809 3918 meminit
902 3853 1075 3917 thNNES
1099 3855 1269 3934 Tunprius,
1290 3857 1328 3918 de
1349 3873 1409 3934 qao
1441 3873 1534 3936 supra
1555 3859 1584 3916 in

7 3965 9 3988 ¹
93 3956 123 4014 ia
144 3953 232 4032 epist.
243 3951 280 4012 ad
307 3951 491 4014 matthaeum
512 3946 678 4011 hibernum
701 3951 806 4012 Lib.1
864 3950 979 4010 launna
1000 3951 1292 4010 praemonstratensi
1315 3967 1344 4027 p.
1367 3947 1435 4009 tot.

92 4048 192 4126 Epist.
210 4047 257 4108 44.
280 4045 342 4106 edit
362 4046 484 4107 Freher.
508 4043 585 4105 Libri
606 4041 743 4130 uerbenae
765 4045 809 4102 in·
899 4041 1068 4102 ioannes
1091 4042 1253 4114 Tarnaias,
1275 4040 1312 4100 de
1334 4041 1503 4116 Thwrocz,
1526 4045 1585 4103 Tu-

91 4141 196 4218 scripti
217 4137 380 4200 editionem
403 4137 611 4216 Magantinam
630 4137 693 4216 ipse
711 4137 742 4195 in
760 4151 810 4197 ea-
866 4137 964 4206 ruozi,
986 4135 1146 4212 ilungaros
1167 4136 1289 4212 scripsit
1312 4131 1479 4196 Glrronicoe
1500 4139 1585 4197 Hun-

91 4233 161 4296 dem
183 4232 310 4312 epistole
330 4232 400 4294 data
421 4247 500 4293 anuo
522 4229 602 4292 ⁴507
628 4246 811 4292 commemo
864 4243 1013 4306 paramum
1033 4228 1125 4288 libros
1146 4227 1181 4288 V.
1199 4243 1328 4306 quorum
1348 4231 1467 4307 primus
1483 4231 1536 4308 qui
1554 4233 1584 4289 in

98 4335 166 4402 rat3
189 4328 220 4385 in
243 4328 330 4405 epist.
354 4327 387 4386 54
415 4325 476 4386 Lib.
498 4325 527 4386 2.
545 4323 748 4402 epistolarum.
767 4325 814 4384 Li·
867 4323 977 4384 Attilae
999 4323 1082 4400 obita
1103 4321 1234 4395 desinit,
1256 4321 1374 4384 dicatus
1389 4329 1437 4383 est
1453 4323 1584 4385 Thomac

94 4422 183 4483 brom
195 4416 652 4480 dolandibusOrd.carmelitar.
666 4416 812 4494 prodiisse
868 4417 906 4476 de
926 4417 1024 4496 Drap,
1045 4417 1134 4493 Megia
1154 4413 1297 4476 Matthiae
1315 4415 1519 4477 cancellario:
1537 4434 1584 4478 se-

91 4516 224 4594 primum
246 4513 416 4592 Mogontiae
447 4527 486 4569 ex
517 4508 623 4570 eodem
646 4509 812 4569 Trithemio
866 4508 986 4570 condus
1007 4509 1141 4589 procedit
1171 4527 1269 4593 usque
1302 4511 1340 4571 ad
1364 4525 1470 4570 nocem
1494 4511 1583 4590 Regis

93 4607 205 4670 ibidem
243 4605 448 4684 intelligimus.
471 4603 513 4664 lbi
533 4603 646 4682 pariter
677 4601 810 4664 libellum
867 4601 984 4676 Caroli,
1005 4603 1154 4665 interlecti
1176 4607 1233 4667 hu.
1252 4605 1341 4668 4344.
1361 4606 1481 4668 Tertius
1500 4611 1583 4668 taius

7 4739 8 4774 1
59 4701 131 4764 ‘de
158 4699 300 4762 laudibus
328 4701 358 4760 S.
385 4697 510 4774 Annae,
531 4712 623 4775 quem
656 4697 811 4758 linearium
865 4700 914 4756 est
933 4694 971 4756 de
993 4696 1084 4758 robus
1118 4698 1259 4761 ludovici
1280 4701 1370 4778 Regis
1399 4703 1450 4777 qui
1479 4700 1584 4761 *Caroli

7 4851 9 4858 .
93 4791 812 4877 appellat,divisisseseuitinarticuloequin-
869 4805 1027 4852 successor
1048 4789 1128 4852 diem
1160 4789 1232 4854 abiit
1261 4794 1317 4855 ha.
1342 4795 1428 4858 i382.
1450 4795 1584 4867 Quartus

1307 4913 1390 4978 135·
