3562 5580
216 94 275 194 474

212 215 265 278 pra
295 215 360 277 pag.
390 200 438 260 67.
455 201 530 280 Ejus
553 219 661 265 uersus
677 204 708 265 in
730 204 876 266 tumulum
894 209 925 269 S.

210 290 336 376 44444344
354 292 412 354 44.
427 296 486 358 834
500 299 682 374 compositos
710 298 806 360 edidit
826 301 928 361 444644-

132 429 136 440 .
211 386 394 448 ioniustom.
413 391 440 450 4.
459 387 593 452 4444444.
612 408 678 471 pag.
696 393 755 452 446
774 385 858 472 (edit.
876 411 928 454 no-

211 497 267 542 vae
281 493 347 560 pag.
364 483 440 556 443.)

249 573 425 637 Alexander
445 574 638 653 dellllLES,
667 595 760 659 supra
784 583 814 640 in
839 579 928 643 lte-

209 666 366 730 XANllllO
383 675 455 730 tom.
478 673 514 745 4,
533 687 599 750 pag.
611 673 658 734 64.

250 761 929 848 llAllTGlllilUSsiveHalitclrom'urEpisco·

209 871 266 933 pus
291 855 521 918 Cameracensis
537 865 568 917 et
595 860 805 922 atrebatensis
818 863 856 923 ab
870 862 925 923 An.

208 948 266 1009 846
283 965 379 1026 usque
389 948 425 1010 ad
438 951 497 1011 834
511 950 548 1010 de
560 969 620 1030 quo
632 953 806 1015 Baldericus
816 956 925 1018 Chron.

209 1041 362 1104 Gamerac.
378 1045 397 1103 l.
417 1045 465 1103 38.
479 1045 636 1107 albericus
651 1063 718 1126 pag.
733 1049 791 1108 484
808 1055 839 1132 et
853 1066 870 1109 e
882 1066 928 1109 re-

208 1135 391 1196 centioribus
416 1138 540 1199 Carolus
566 1140 595 1199 le
626 1142 731 1202 Cointe
756 1147 829 1202 tom.
851 1143 927 1203 Vlll.

207 1229 315 1289 Annei.
335 1233 472 1292 Francor.
490 1251 556 1312 pag,
574 1233 632 1294 446
650 1249 715 1313 seq.
730 1233 805 1313 Ejus
816 1231 927 1295 liberem

200 1320 444 1400 poenitentialem
455 1324 621 1396 secundum
638 1325 758 1387 decreto
772 1327 926 1389 Cononem

208 1415 246 1476 ad
270 1413 402 1478 libonem
422 1419 582 1482 Remorum
609 1421 814 1499 Episcopum,
839 1420 928 1498 cujus

209 1511 347 1592 meminit
372 1511 546 1589 sigebertus
572 1530 636 1590 cap.
655 1512 723 1575 444.
746 1512 928 1574 Flodoardus

210 1605 247 1664 ll.
258 1605 304 1665 49.
321 1604 390 1666 bist.
402 1606 517 1666 Eccles.
534 1607 702 1681 ilemensis,
718 1612 806 1667 vocat
820 1623 879 1667 sem
895 1605 930 1666 li-

210 1693 299 1758 bellos
316 1695 352 1760 de
378 1697 520 1760 remediis
543 1704 757 1778 peccalorum,
782 1704 812 1760 et
826 1699 930 1759 ordine

208 1788 257 1851 vel
271 1789 399 1870 judiciis
421 1791 626 1876 poeniteutiae.
653 1793 698 1852 Ex
729 1791 776 1851 his
800 1791 930 1872 quiaque

209 1883 281 1944 editi
292 1883 330 1946 ab
347 1885 472 1946 ilenrico
492 1885 612 1946 canisio
633 1892 705 1944 tom.
719 1886 752 1945 V.
769 1885 850 1945 Lect.
868 1885 929 1946 An-

211 1980 284 2054 tiqu.
300 1985 385 2056 parte
402 1977 431 2036 4.
448 1994 514 2057 pag.
532 1977 604 2039 447.
622 1976 785 2056 ingolstad.
805 1977 882 2039 4604
901 1979 927 2037 4.

212 2075 292 2147 (tom.
308 2071 336 2132 4.
358 2071 505 2132 editiones
532 2073 627 2132 novae
645 2073 771 2150 basnag.
797 2077 881 2150 parte
899 2072 927 2132 4.

211 2181 275 2242 pag.
292 2163 352 2239 87.)
364 2165 462 2224 recusi
475 2161 544 2224 inde
555 2163 784 2224 iuBibliothecis
794 2167 926 2239 Petrum,

211 2257 314 2319 Goion.
336 2258 414 2318 4648
431 2263 504 2316 tom.
524 2257 588 2316 Vlll
603 2263 635 2316 et
652 2256 743 2318 Paris.
761 2257 838 2317 4654
855 2263 926 2317 tom.

210 2351 244 2411 V.
263 2357 293 2410 et
308 2349 400 2428 Lugd.
420 2347 497 2411 4674
522 2355 594 2410 tom.
619 2350 695 2410 xiv.
718 2351 765 2412 Ex
783 2350 831 2412 his
849 2346 930 2411 tebet

106 2491 109 2494 .
211 2443 259 2505 lus
274 2445 298 2505 f.
315 2450 347 2506 et
368 2444 409 2504 11.
428 2442 517 2503 iidem
535 2447 610 2502 sunt
626 2444 676 2519 qui
694 2443 771 2502 inter
788 2443 929 2505 aluam

210 2540 302 2599 Mauri
319 2554 408 2616 opera
433 2533 568 2613 prodiere
583 2540 654 2594 tom.
673 2536 792 2614 6,pag.
818 2538 875 2598 443
893 2536 931 2596 de

213 2617 296 2692 vitiis
313 2635 345 2690 et
362 2628 530 2702 virtutibus
553 2633 584 2686 et
604 2630 796 2706 peccatorum
814 2628 931 2690 satisfa-

212 2727 310 2784 ctione
338 2725 366 2782 in
392 2721 558 2794 remediis,
576 2722 642 2782 sive
669 2719 706 2782 de
729 2724 931 2804 poenitentiis

210 2814 340 2879 Libellus
357 2816 414 2876 444.
432 2822 464 2876 et
481 2815 533 2876 IV.
550 2814 736 2893 respondem
753 2815 827 2875 libro
845 2817 880 2876 ll.
898 2825 930 2876 et

211 2913 261 2972 lll.
292 2909 330 2974 dc
358 2910 577 2988 poenitentium
600 2908 931 2994 satisfactione„inter

753 99 1160 163 {lustrantibus

980 213 1060 272 tione
1089 207 1249 271 canisiana
1269 217 1339 270 tom.
1360 213 1388 272 4.
1409 217 1490 288 parte
1507 213 1533 274 4.
1547 229 1608 294 pag.
1627 215 1679 275 434

980 305 1030 366 ubi
1045 316 1076 365 et
1092 305 1168 365 41444
1184 303 1258 364 liber
1279 304 1497 365 Paenitentialis
1519 323 1555 366 er
1576 307 1685 370 scrinio·

981 401 1129 459 Romanae
1145 397 1297 458 Ecclesiae
1324 413 1387 476 pag.
1407 397 1458 458 444
1486 403 1517 456 44
1532 399 1677 459 Poenlten·

981 491 1051 554 tiele
1069 490 1217 568 llalitgarii
1232 490 1296 548 sive
1307 490 1430 551 alterius
1441 493 1542 550 incerti
1556 493 1678 552 auctoris

982 583 1060 662 quod
1083 584 1199 662 incipit:
1228 582 1348 643 bomine
1373 583 1474 645 044448
1494 585 1684 664 omnipotens,

981 693 1047 755 pag.
1060 677 1112 737 444
1132 691 1201 736 cum
1218 674 1351 754 Epistola
1369 675 1570 738 llOlllllSllAE
1587 679 1683 756 Papae,

981 767 1069 846 cujus
1079 771 1196 830 initium
1210 788 1216 830 :
1232 769 1307 829 Ecce
1320 767 1561 850 manifestissime
1572 774 1685 844 comtol,

981 877 1047 941 pag.
1059 863 1117 923 443
1128 866 1159 922 44
1170 867 1346 940 excerptum
1360 879 1376 924 4
1388 861 1586 937 PROSPERO,
1599 877 1685 940 quan-

981 962 1047 1016 tum
1061 953 1183 1015 remedii
1201 954 1308 1016 babeat
1332 955 1487 1016 Confessio
1504 962 1683 1034 peccatorum

982 1065 1047 1128 pag.
1064 1049 1132 1108 444.
1151 1049 1194 1108 De
1212 1047 1278 1108 aliis
1304 1046 1562 1128 poenitentialibus
1586 1047 1685 1108 lib'ellis

981 1140 1095 1201 dictum
1114 1141 1144 1199 in
1166 1139 1301 1200 lliblioth.
1319 1141 1432 1201 Graeca
1457 1145 1527 1200 tom.
1545 1141 1585 1200 xi
1601 1184 1607 1212 ,
1624 1155 1685 1218 pag.

982 1232 1030 1294 73.
1048 1249 1113 1311 seq.

1021 1326 1039 1363 *
1055 1325 1257 1405 ambigebam
1275 1326 1344 1386 olim
1360 1343 1432 1388 num
1448 1325 1525 1385 idem
1536 1331 1615 1384 esset
1627 1341 1689 1384 cum

982 1420 1056 1481 libro
1073 1420 1277 1498 poenitentiali
1305 1419 1379 1479 liber
1407 1418 1539 1480 eiusdem
1568 1419 1689 1478 auctoris

984 1514 1146 1590 inscriptus
1158 1509 1194 1572 de
1205 1511 1269 1572 4444
1282 1510 1486 1578 Sacerdotem:
1498 1526 1587 1588 quem
1598 1509 1688 1570 eidem

982 1605 1119 1666 attribuit
1150 1603 1308 1665 Albericus
1328 1605 1492 1666 monachus
1522 1605 1690 1665 triumfon-

983 1701 1058 1760 tium
1076 1697 1114 1760 ad
1131 1713 1178 1758 an.
1195 1697 1253 1759 860
1271 1713 1352 1760 nunc
1366 1715 1438 1758 vero
1459 1697 1610 1758 diversum
1630 1711 1691 1758 esse

983 1797 1146 1870 utrumque
1160 1807 1237 1870 opus
1252 1781 1558 1870 comperipostquam
1576 1785 1645 1851 iibri
1657 1789 1695 1850 dr·

983 1883 1696 1974 vitaSacerdotumepistolam'abautboielucu3

982 1978 1107 2038 brationi
1123 1993 1196 2039 suae
1213 1977 1376 2057 praelixam
1389 1982 1420 2038 et
1431 1977 1626 2056 praefationes
1638 1977 1694 2036 sin·

982 2071 1074 2150 gulor.
1089 2071 1232 2132 librorum
1254 2076 1362 2132 tumet
1372 2075 1545 2150 argumenta
1571 2067 1694 2148 singulo-

983 2181 1050 2226 rum
1077 2165 1215 2243 Capitum
1243 2163 1379 2242 vulgarit
1407 2165 1436 2224 P.
1460 2163 1599 2223 fdartene.
1631 2161 1689 2220 vu.

982 2260 1058 2319 lion.
1077 2257 1146 2319 470.
1169 2265 1228 2317 444.

1023 2349 1271 2423 3444644005,
1287 2350 1353 2411 aliis
1366 2345 1569 2420 4444444444,
1584 2343 1692 2406 444444-

985 2441 1112 2520 044444,
1129 2442 1208 2522 apud
1229 2443 1426 2504 Possevinnm
1450 2445 1553 2502 vitiose
1568 2433 1693 2500 4444044-

984 2535 1044 2597 dus
1057 2581 1063 2610 ,
1078 2537 1250 2610 Romanus,
1269 2535 1445 2614 Theologiae
1461 2534 1611 2596 Professor
1621 2531 1692 2590 circa

986 2632 1108 2692 Annum
1127 2628 1204 2691 4470
1220 2631 1308 2692 cuius
1325 2624 1501 2705 Quodlibeto
1511 2631 1540 2686 et
1550 2637 1695 2684 commen-

985 2725 1094 2785 tarium
1114 2721 1210 2784 ius.
1229 2721 1454 2785 Sententiarum
1472 2717 1564 2779 libros
1590 2731 1694 2776 memo

984 2825 1030 2879 rat
1045 2817 1232 2879 Trithemius
1246 2831 1310 2894 cap.
1327 2816 1386 2877 496
1402 2814 1440 2876 de
1463 2815 1493 2874 S.
1510 2811 1544 2873 E.
1615 2883 1619 2896 ι

1022 2909 1252 2974 4440441444Νὸ41
1263 2909 1441 2971 Chronicon.
1456 2905 1524 2966 vide
1536 2899 1695 2964 40444446

210 3003 347 3082 ejusdem
381 3001 493 3063 itabant
518 3017 606 3080 opera
636 3018 705 3079 pag.
726 3001 783 3062 446
811 3017 875 3078 seq.
893 3000 931 3062 de
983 3001 1019 3064 de
1038 3001 1146 3063 Poldo.

209 3095 436 3176 quaestionibus
475 3095 631 3158 Ganonum
668 3093 928 3154 Poeniteutialium
1022 3095 1243 3157 HAfdssllNUS
1278 3090 1316 3156 de
1346 3093 1534 3166 Verulamio,
1564 3083 1691 3168 Augias,

210 3190 248 3251 ad
265 3185 675 3264 Heriboldum,lipiscopum
690 3185 932 3246 Autissiodoren—
983 3189 1150 3267 discipulus
1180 3187 1337 3268 lanfranci
1363 3183 1587 3248 cantuariensis
1614 3180 1692 3240 4444

212 3302 286 3344 sem.
301 3285 412 3346 Confer
429 3281 539 3343 librum
555 3277 801 3340 Paenitentialem
818 3277 857 3338 ad
874 3279 932 3340 lle·
985 3281 1062 3344 4089
1088 3280 1244 3353 defuncti,
1266 3287 1361 3358 atque
1384 3275 1523 3342 Coenobii
1537 3276 1568 3335 S.
1584 3271 1693 3344 Albani,

211 3376 358 3437 ribaldum
380 3377 431 3454 qui
458 3379 559 3434 exstat
574 3371 653 3451 apud
672 3371 845 3432 stevarium
865 3389 935 3450 pag.
982 3373 1103 3434 Ordinis
1123 3371 1310 3434 Benedictini
1329 3373 1430 3446 Prior,
1447 3369 1566 3448 scripsit
1589 3365 1692 3426 librum

211 3469 270 3530 635
299 3475 331 3527 et
352 3475 423 3528 torn.
455 3468 484 3526 4.
518 3465 658 3526 editionis
690 3479 785 3524 novae
820 3463 930 3526 Ganisii
984 3467 1020 3529 de
1033 3461 1236 3541 4444444444,
1258 3479 1351 3542 equo
1368 3469 1508 3540 excerpta
1525 3459 1643 3538 vulgata
1662 3455 1693 3515 ab

211 3568 295 3640 parte
309 3561 339 3622 4.
354 3577 420 3638 pag.
431 3560 500 3620 493.
520 3555 649 3620 Libellus
671 3557 699 3618 V.
718 3555 798 3618 idem
814 3557 931 3634 estqui
983 3558 1143 3622 Edmundo
1158 3561 1290 3619 llartene
1310 3563 1384 3616 tom.
1401 3553 1432 3614 V.
1453 3551 1595 3614 Thesauri
1617 3549 1687 3609 Aue

212 3655 269 3716 sub
282 3651 394 3714 Rabani
423 3653 543 3714 nomine
560 3649 597 3712 ad
613 3648 804 3712 lleribaldum
822 3650 932 3728 legitur
983 3652 1160 3728 cdotorum,
1178 3668 1243 3730 pag.
1265 3649 1351 3710 4443.
1372 3645 1458 3708 4466.

212 3749 327 3826 primus
344 3751 416 3806 torn.
432 3746 460 3803 6.
476 3742 549 3822 Opp.
566 3759 632 3826 pag.
650 3743 718 3804 440.
733 3739 866 3804 Libellus
884 3741 929 3801 Vl.
1023 3727 1541 3806 HbllEliSLElilENSlSllonacbus
1552 3729 1690 3796 ’4444444-

211 3841 342 3919 denique
362 3846 410 3900 est
425 3838 728 3900 POENlTENTlALE
745 3839 929 3909 domomum,
986 3857 1059 3901 num
1078 3839 1165 3900 4446.
1180 3836 1300 3914 scripsit
1309 3832 1344 3894 de
1359 3829 1450 3893 rebus
1461 3827 1552 3909 pestis
1563 3826 1687 3904 impero-

210 3955 248 4000 ex
266 3929 375 3998 Codice
389 3935 514 4011 antiquo
526 3931 699 3993 Corbeiensi
718 3930 878 4009 vulgatum
894 3930 931 3990 ab
985 3939 1092 4008 loram,
1109 3929 1149 3991 ab
1164 3927 1291 3990 ilenrico
1305 3926 1426 4004 Aucupe
1440 3919 1481 3983 ad
1490 3919 1646 3983 flaminum
1666 3913 1694 3973 V.

211 4033 335 4110 llugone
353 4025 511 4101 lienardo,
527 4025 772 4100 illustratumque
801 4023 831 4082 in
850 4023 929 4082 notis
985 4027 1092 4087 Exstat
1100 4026 1128 4084 in
1138 4013 1692 4094 illustrisLelbnitiiscriptoribusllrun·

211 4125 248 4188 ad
263 4121 535 4187 sacramentarium
547 4119 680 4198 Gregorii
697 4119 733 4176 44.
749 4115 839 4175 Paris.
851 4114 929 4177 4644
984 4117 1175 4178 svicensibus
1202 4123 1273 4175 tom.
1289 4115 1310 4173 l.
1328 4129 1395 4191 pag.
1418 4107 1487 4170 707.
1513 4105 1579 4167 740.
1603 4103 1640 4162 Et
1658 4096 1690 4158 de

211 4223 238 4281 4.
257 4235 321 4298 pag.
340 4219 399 4280 438
416 4207 447 4278 44
461 4231 532 4277 cum
548 4209 678 4274 llauardi
691 4211 770 4270 notis
783 4223 928 4272 recusum
987 4209 1131 4290 Gregorio
1152 4209 1181 4268 l'.
1203 4207 1294 4287 Papa,
1312 4204 1352 4266 id.
1370 4221 1436 4282 pag.
1455 4198 1523 4261 476.

212 4316 241 4372 in
256 4311 392 4372 biblioth.
411 4312 532 4372 Petrum
559 4302 650 4383 lugd.
669 4311 740 4364 tom.
768 4304 847 4364 xlv.
864 4321 927 4382 pag.
1027 4299 1193 4363 Guilelmus
1220 4295 1409 4361 llAllEllllS.
1438 4293 1533 4371 Supra
1551 4305 1613 4368 pag.
1631 4281 1690 4344 439.

212 4405 271 4466 946
289 4421 344 4464 neo
361 4420 419 4466 non
438 4405 468 4462 in
491 4418 567 4462 nova
587 4397 719 4477 Operum
744 4395 877 4472 Gregorii
892 4399 930 4457 44.
984 4394 1214 4460 GUILELlrlUS.
1299 4395 1303 4403 ’

213 4496 355 4556 editione:
374 4502 405 4554 et
422 4497 487 4557 sine
506 4494 585 4556 notis
601 4491 639 4554 ad
654 4490 768 4551 calcem
785 4489 858 4549 Joan
872 4491 931 4552 llo·
1025 4483 1355 4550 llichardusltollusde
1366 4478 1583 4551 llllllPOOLli,
1596 4477 1691 4533 vitiose

213 4592 272 4651 rini
284 4588 322 4650 de
339 4587 628 4654 Paenitentia.rlute
640 4581 814 4646 blenardum
832 4581 933 4644 edide-
986 4585 1054 4644 aliie
1069 4577 1303 4659 Pompoliiorrur,
1317 4575 1450 4638 Eremita
1461 4569 1689 4648 augustinianus

214 4689 260 4744 rat
279 4696 399 4760 quoque
415 4697 484 4740 cum
503 4679 653 4758 Plalitgarii
666 4675 850 4756 praelatione
866 4677 933 4738 Ste—
988 4679 1016 4737 in
1034 4674 1182 4737 Goenobio
1199 4672 1323 4750 Angliae
1340 4664 1532 4764 llampolensi
1547 4661 1606 4740 agri
1622 4655 1691 4758 4444·

215 4776 339 4848 vartius,
355 4791 392 4833 er
410 4789 469 4851 quo
483 4778 585 4832 exstat
605 4773 696 4839 etiam
724 4771 752 4830 in
772 4785 850 4834 nova
871 4769 933 4832 edi·
988 4769 1121 4830 recensis
1139 4765 1299 4826 defunctus
1312 4761 1367 4823 44.
1387 4751 1690 4831 ressedissemus
