3624 5600
722 75 977 140 tutunus
1539 81 1599 148 499

99 185 333 248 constitutiones
347 180 447 244 editae
473 179 603 246 440444.
617 183 819 246 Lambeteusi.
874 186 923 246 riit
953 183 1010 248 44.
1042 181 1131 246 ital.
1162 183 1210 247 die
1241 186 1270 246 3.
1302 183 1451 251 Octobris.
1485 186 1597 253 uterus

101 280 182 356 Sunt
197 279 289 340 ctiam
306 275 365 338 elia
379 273 475 339 multa
488 275 526 339 ad
543 276 642 354 ipsum
662 277 818 354 pertinen-
874 284 923 340 est
945 277 1076 356 superbo
1097 285 1286 358 sumptuque
1303 281 1377 359 pub.
1394 286 1537 360 apparatu
1551 282 1598 344 iu-

99 375 250 450 tia,quae
272 368 381 432 ibidem
404 369 461 446 legi
483 374 611 448 possunt
628 370 666 432 ab
682 371 818 436 eruditis.
877 387 965 445 nere,
997 373 1044 432 oui
1066 379 1099 432 et
1120 371 1215 436 decus
1246 372 1362 434 addidit
1388 374 1492 436 laurea
1517 391 1601 436 coro-

141 461 347 527 *tutunus
364 459 401 522 dc
419 463 522 524 Peneo
541 479 578 522 eo
600 464 821 534 vivebattem·
877 481 932 541 na,
955 479 1015 544 qua
1037 463 1171 528 defuncti
1201 473 1293 546 caput
1317 466 1491 536 redimitum
1509 484 1600 546 appa-

99 575 178 638 pore
203 572 265 635 quo
293 563 327 617 et
353 555 485 621 Thomas
506 556 544 618 44
563 556 683 634 Gerbo,
703 559 822 620 scilicet
877 558 940 624 ruit
971 558 1000 618 in
1031 565 1245 636 argumentum
1269 558 1376 638 poetici
1399 562 1598 638 principatus.

100 653 265 716 circaeon
284 649 372 715 tatu
390 649 517 726 Scripsit
528 657 632 712 autem
648 657 823 725 tractatum,
878 650 1061 728 Sepulturae
1080 650 1242 714 mandatus
1259 660 1307 714 est
1322 655 1353 714 in
1370 653 1522 726 vestibulo
1539 671 1603 726 ma·

98 761 159 823 quo
180 745 359 824 impugnare
381 741 534 806 nitebatur
553 749 719 807 tractatum
745 744 821 808 alte·
873 741 953 820 ioris
970 743 1126 810 Ecclesiae
1148 746 1315 820 Lucensis,
1336 750 1465 826 eiusque
1487 747 1601 811 inacul-

100 853 168 903 rum
189 837 323 915 Magistri
345 835 500 896 Francisci
518 833 557 902 de
579 839 713 898 Bononia
730 839 823 898 susti·
877 843 929 914 pte
948 839 1112 902 marmoris
1133 838 1231 916 imago
1251 854 1382 918 appense
1406 841 1435 900 in
1458 841 1600 905 exteriori

101 931 202 992 nantis
216 925 341 1014 Nullum
354 943 457 990 aemon
466 925 641 1008 formaliter
655 929 822 996 4444444444
878 929 976 993 iroate
999 929 1140 992 eiusdem
1161 931 1336 1007 Ecclesiae,
1357 934 1447 1010 pictis
1463 947 1536 997 vero
1550 949 1601 996 co·
1711 941 1715 948 ·

100 1039 174 1086 eme.
190 1023 281 1086 Porro
297 1023 430 1084 loannes
452 1023 510 1082 iste
537 1021 671 1086 lledieus
696 1022 750 1084 diu
770 1023 823 1084 tlo-
877 1021 991 1088 lorlbus
1026 1039 1171 1102 expressa
1205 1025 1314 1090 visitur
1351 1027 1381 1088 io
1411 1025 1600 1092 Bibliotheca

99 1119 161 1178 ruit
182 1131 291 1194 magna
324 1116 404 1176 44444
424 1114 563 1188 homiues
583 1117 723 1194 opinione
744 1115 823 1178 uele-
877 1115 1007 1194 Capituli
1030 1116 1168 1184 eiusdem
1190 1117 1345 1183 Ecclesiae
1364 1135 1434 1182 curn
1448 1119 1600 1186 ‘adiuncta

97 1209 161 1270 bris
180 1208 314 1286 Neapoli.
331 1208 483 1287 Scriptum
503 1207 585 1271 istud
603 1210 753 1286 integrum
774 1225 822 1272 re·
875 1207 1058 1286 epigraphe,
1088 1210 1126 1269 le
1166 1211 1275 1272 Petrus
1310 1210 1453 1280 lucentia
1496 1210 1599 1274 4444444
1646 1259 1648 1264 ,

98 1303 170 1364 tulit
184 1303 214 1362 44
231 1317 385 1366 summam
402 1317 490 1364 suem
514 1299 724 1366 medicinalem
744 1302 822 1364 Tho·
877 1298 1138 1366 GrumectLoliue
1150 1301 1265 1380 inqenio
1277 1300 1600 1383 mitiprobcquedau·

71 1425 74 1430 ·
99 1411 167 1461 mas
186 1393 226 1454 de
247 1394 364 1471 Gerbo,
384 1395 549 1462 cuiussuo
570 1395 634 1458 loco
654 1397 790 1458 memini.
876 1391 1012 1456 datorem
1038 1401 1140 1456 eutem
1162 1395 1252 1458 babet
1274 1395 1422 1475 lo..-aept
1434 1399 1599 1476 Egnatium

138 1485 503 1563 JOANNESdePcrsico,
521 1489 822 1562 Cremonensium·
876 1488 927 1565 qul
948 1487 1010 1550 sub
1040 1503 1076 1548 eo
1103 1497 1302 1568 praeceptore
1329 1489 1448 1556 studuit
1479 1497 1511 1552 et
1542 1490 1598 1554 lio-

98 1581 303 1660 gustinianus,
314 1582 443 1659 scriptor
454 1579 608 1652 Hr'alcrioe
618 1580 822 1646 Soholusdcoa
877 1577 1039 1642 bertellum
1071 1582 1125 1658 qui
1156 1597 1195 1642 ex
1216 1584 1356 1649 versione
1387 1583 1540 1647 Plutarchi
1550 1584 1600 1658 ,44

98 1677 166 1736 sive
187 1671 428 1750 Ecclesiasticus,
449 1690 542 1753 quam
557 1675 617 1738 llS.
631 1675 735 1738 laudet
748 1676 823 1739 Vos·
877 1687 913 1732 eo
927 1670 1305 1740 adornatatestimouium
1321 1682 1426 1744 contra
1443 1675 1599 1754 sigonium

98 1770 167 1830 aius
186 1784 256 1847 pag.
276 1765 335 1828 708
356 1766 395 1828 44
416 1766 582 1836 HistLat.
601 1765 747 1846 Ejusdem
767 1787 823 1832 vo-
878 1772 975 1843 urget.
1011 1765 1084 1826 Vide
1115 1767 1227 1845 sigonii
1259 1768 1386 1830 444444.
1402 1765 1456 1832 444.
1475 1769 1504 1832 8.
1526 1767 1600 1838 mibi

98 1861 171 1926 rior
189 1858 391 1940 4444444444
405 1859 543 1926 44444444
560 1860 699 1938 04444444,
719 1862 824 1931 Poetil-
878 1873 944 1937 pug-
968 1859 1038 1920 l9l·
1060 1860 1157 1922 Vertit
1190 1877 1227 1922 ex
1258 1863 1373 1926 Graeco
1404 1863 1600 1942 quaestiones

99 1955 164 2018 lem
179 1953 223 2016 ad
239 1953 329 2016 4444444
342 1955 417 2016 anni
431 1945 605 2036 4444494444,
616 1958 745 2020 Librum
756 1971 825 2018 non
878 1953 1066 2012 centuriatos
1097 1952 1230 2016 Graecas
1250 1955 1462 2032 Romanasque
1484 1955 1601 2034 Plutar-

101 2056 153 2112 tro
175 2048 306 2112 ludaeos
335 2052 425 2128 atquc
447 2046 574 2112 44444444
600 2045 763 2112 Ecclesiae.
788 2050 825 2110 la
879 2041 949 2119 ehi,
970 2061 1062 2122 quam
1085 2047 1256 2110 versionem
1276 2065 1294 2108 4
1316 2047 1527 2128 Typogrephis
1548 2049 1601 2110 de·

98 2141 300 2216 Dialectienm
323 2141 408 2202 Petri
424 2141 555 2222 Hispani
567 2149 599 2206 ct
612 2141 775 2206 4444444444
790 2146 822 2208 s.
881 2137 1039 2223 lormatem
1057 2141 1238 2218 castigavit,
1261 2142 1433 2219 iterumque
1449 2139 1599 2212 edendam

101 2235 231 2296 lhomce
252 2233 288 2298 de
303 2233 437 2316 [44444444
454 2245 623 2300 memorant
637 2240 826 2302 Passerinus
882 2246 1008 2296 curasse
1031 2234 1066 2292 in·
1083 2235 1249 2311 praemissa
1282 2233 1330 2294 bis
1361 2233 1487 2313 epistola
1510 2240 1603 2296 testa-

98 2337 129 2392 et
141 2329 310 2409 Philiippus
324 2329 445 2394 Elasius
463 2347 491 2408 p.
508 2331 579 2392 350.
596 2330 680 2394 44444
696 2333 824 2393 tortasse
881 2331 931 2388 tur
952 2324 1156 2403 Calpbur-nins
1178 2328 1214 2389 iu
1225 2325 1296 2389 edit.
1315 2327 1428 2388 Veneta
1443 2343 1482 2388 an
1511 2329 1601 2390 4440.

98 2425 236 2486 loannes
255 2423 474 2486 cremonensis
488 2425 541 2501 qui
559 2423 613 2492 44.
633 2423 715 2487 tale
730 2425 825 2486 inter·
880 2411 1102 2487 Problematon
1117 2418 1296 2495 Aristotelis,
1308 2421 1420 2498 quibus
1435 2419 1517 2488 idem
1532 2421 1602 2484 Plu-

98 2517 159 2580 lait
189 2515 327 2578 Comitlia
347 2515 676 2592 centumcellensium,
697 2516 737 2580 44
757 2519 825 2595 qui·
881 2509 976 2572 turchi
998 2512 1178 2590 opusculum
1200 2513 1318 2576 adiecit.
1445 2573 1448 2580 ⁴
1480 2561 1483 2566 ,

97 2609 158 2674 bus
169 2607 326 2687 ‚losephus
339 2607 514 2688 Pamphilus
528 2608 668 2672 (lbmnici
682 2609 822 2689 Augusti·
919 2602 1046 2682 scripsit
1066 2607 1158 2668 etiam
1180 2608 1209 2668 in
1227 2607 1381 2685 Epistulas
1403 2610 1485 2672 Fam.
1520 2609 1604 2672 Cice·

101 2704 227 2767 444444*
242 2717 310 2781 pag.
330 2702 363 2764 34
394 2700 422 2763 b.
444 2700 520 2766 Vide
540 2702 735 2768 anpiscum
757 2702 829 2765 Ari:
880 2697 964 2758 llinis
985 2697 1248 2774 Commentarios,
1265 2693 1420 2778 (4440844044
1435 2718 1505 2762 cum
1522 2718 1605 2766 uum·

100 2798 183 2861 sium
205 2797 236 2856 in
252 2795 406 2858 04444444
426 2794 568 2859 litterate.
644 2809 647 2814 ’
879 2791 1036 2852 meuteriis
1063 2791 1188 2867 Guarim
1219 2793 1421 2868 Veronensis,
1443 2794 1603 2860 Omniboni
1696 2830 1698 2837 ·

139 2887 312 2949 JOANNES
348 2885 515 2948 enecans
548 2887 712 2952 4444444444
749 2887 822 2950 044.
880 2882 1051 2958 4444444444,
1084 2886 1211 2951 liuberti
1245 2886 1482 2951 crescentinutia
1514 2903 1604 2966 opera

98 2979 214 3045 4444444.
230 2981 308 3042 circa
321 2978 361 3042 Α,
379 2979 458 3042 itte
475 2979 565 3058 eujus
580 2977 741 3062 descriptio
754 2980 823 3042 Ter-
878 2975 1015 3037 eiusdem
1039 2977 1163 3040 liuberti
1188 2981 1221 3042 44
1235 2997 1332 3042 unum
1349 2995 1462 3058 corpus
1478 2979 1603 3046 colleele

97 3091 155 3134 roe
177 3077 309 3148 4444444,
337 3089 428 3152 quam
451 3075 516 3150 ipse
538 3073 655 3152 invisit,
674 3081 707 3134 44
727 3072 823 3138 indam
880 3068 1604 3146 vulgavitbonaccursius'PisanusNenot.lt88.

24 3225 25 3230 ,
98 3164 235 3228 beorum
246 3167 311 3245 4444
322 3165 523 3229 celebrentur.
542 3165 616 3228 Vide
634 3168 774 3228 vossium
791 3185 820 3246 p.
917 3161 1088 3224 JOANNES
1104 3161 1235 3244 44444914,
1254 3165 1421 3240 (tribensis,
1437 3167 1549 3229 artium
1567 3168 1601 3227 li-

98 3257 210 3320 70944
223 3260 297 3320 illst.
310 3260 373 3321 Lat.
391 3264 423 3320 st
437 3259 645 3340 Augustinum
658 3259 820 3324 Oldoinum
877 3254 1023 3318 beraliurn
1036 3258 1287 3337 Megisten-cujus
1301 3258 1514 3340 compendium
1528 3259 1601 3321 Plri-
1692 3287 1700 3308 ·
1785 3349 1791 3358 Ι

99 3355 128 3414 44
151 3351 311 3414 Athenaeo
332 3352 471 3428 Augusto
493 3370 520 3432 p.
544 3353 613 3414 480.
631 3415 635 3422 ,
879 3347 1030 3426 lotophr'uc
1040 3349 1165 3412 44444444
1180 3352 1278 3413 lucent
1293 3353 1370 3414 vidit
1386 3355 1502 3433 Lipsiae
1522 3354 1597 3418 liet

138 3441 312 3520 tutunus
334 3441 591 3524 4444449444,
612 3461 704 3526 supra
732 3447 824 3508 loon
879 3441 928 3512 444,
950 3444 1032 3520 typis
1052 3443 1221 3508 bleichioris
1244 3448 1356 3508 Lutter.

100 3553 154 3600 aco
175 3533 280 3600 Albus
301 3554 367 3616 pag.
391 3537 459 3599 aaa.
901 3534 1090 3599 -JOANNES
1105 3534 1225 3617 Phcffer
1242 3539 1279 3600 de
1298 3538 1493 3619 Wideubetg,
1511 3543 1604 3606 Frao-

140 3633 158 3668 ¹*
178 3629 355 3712 lOANNES
373 3632 486 3694 Petrusv
498 3633 646 3696 Lucensis
666 3639 752 3695 444444
769 3635 824 3697 lna
878 3644 934 3693 uua
967 3629 1140 3706 0444444444,
1171 3631 1386 3712 Heidelbergae
1413 3637 1446 3696 44
1466 3635 1601 3715 Friburgi

102 3727 208 3788 aeolia
231 3723 300 3786 nob.
321 3722 430 3806 oppido
452 3740 534 3796 nnnc
554 3731 590 3786 et
602 3741 672 3788 erce
688 3726 720 3786 in
737 3727 824 3804 Ligu·
879 3719 990 3796 docuit,
1007 3723 1141 3802 obiitque
1159 3727 1195 3790 A.
1208 3726 1298 3790 4403.
1310 3725 1385 3788 Vide
1400 3727 1601 3802 'trithemium

102 3820 166 3894 rie,
187 3815 259 3880 olim
291 3816 413 3878 ditionis
447 3818 617 3890 Lucensis,
639 3815 722 3880 unde
757 3821 823 3882 viro
877 3816 982 3878 o.888
1003 3816 1041 3878 44
1063 3819 1094 3879 S.
1116 3819 1151 3882 E.
1173 3825 1205 3880 et
1225 3819 1391 3898 descript.
1411 3819 1514 3884 Germ.
1535 3837 1600 3899 cap.

102 3913 253 3975 Lucensis
265 3910 426 3990 appellatio
451 3910 573 3984 mansit,
587 3911 711 3988 Graecis
725 3918 756 3972 et
771 3913 825 3974 La·
879 3907 939 3973 235
956 3911 1008 3985 qui
1025 3908 1206 3988 laudetejus
1221 3911 1477 3974 commentorium
1489 3911 1603 3992 4444ρί-
1680 3905 1682 3910 ’

103 4007 177 4066 tiuis
198 4005 307 4066 litteris
326 4005 462 4082 apprime
474 4001 605 4078 doctus,
627 4005 679 4082 qui
702 4006 824 4069 nomine
878 3998 971 4062 stolus
1001 4000 1091 4064 Pauli
1121 4005 1307 4082 praelectum
1340 4005 1468 4082 publice,
1491 4013 1524 4068 et
1543 4005 1601 4068 eub

103 4117 120 4160 a
142 4098 297 4162 Celiuruio
318 4097 347 4156 in
369 4096 496 4174 epistola
510 4097 689 4174 praemisse
707 4097 825 4178 444444-
880 4092 967 4154 titulo
999 4093 1162 4158 Direclorii
1192 4093 1398 4160 Sacerdolalt'a
1416 4096 1456 4159 ab
1476 4103 1599 4158 auctore

105 4191 239 4254 metibus
270 4187 420 4250 Plutarchi
450 4188 690 4254 commendatur·
716 4189 826 4256 Amoe-
880 4193 1102 4264 praenotatum.
1176 4240 1179 4248 .
1310 4245 1316 4250 .

106 4283 242 4346 oloribus
263 4280 406 4349 docendis
439 4281 549 4344 litteris
582 4283 652 4362 pub
674 4282 825 4364 stipendio
920 4281 976 4340 Pro
995 4278 1145 4346 tonabit
1169 4278 1356 4345 Phiiotcchno
1379 4299 1472 4360 quem
1488 4299 1601 4352 memo·

105 4375 274 4439 conductus
306 4375 362 4436 init
394 4374 550 4452 venetiis,
570 4383 637 4438 tum
658 4375 697 4440 44
718 4377 823 4442 urbem
880 4378 927 4434 rat
946 4373 1103 4452 cangius,
1136 4375 1300 4454 legendum
1333 4374 1532 4438 4044044408
1561 4378 1599 4496 de

106 4471 233 4548 patriam
256 4467 355 4528 eidem
386 4466 539 4545 implendo
561 4471 680 4533 muneri
702 4469 824 4531 transiit
878 4482 938 4545 quo
960 4467 1055 4534 44444.

106 4565 254 4624 invitatus
273 4577 293 4622 a
312 4561 439 4636 Senatu,
455 4562 653 4642 ampliorique
674 4561 823 4641 stipendio
917 4557 1090 4622 lOANNES
1121 4559 1238 4622 Phreos
1258 4563 1325 4623 sive
1351 4561 1468 4639 Freos,
1505 4565 1599 4642 404444

107 4652 234 4711 illectus.
257 4652 417 4727 Postquam
439 4647 475 4708 ibi
498 4667 550 4734 per
571 4669 684 4712 annum
706 4652 824 4712 docuis—
879 4623 1098 4729 mutinensis,
1129 4655 1254 4719 Guarini
1284 4653 1474 4733 discipulus,
1507 4676 1598 4736 quem

108 4749 153 4806 set
175 4749 262 4824 peste
295 4749 369 4804 tuno
389 4751 548 4822 grassante
569 4750 727 4827 correptus
749 4747 824 4806 intc-
879 4745 1014 4809 oratione
1032 4746 1149 4834 luuebri
1166 4747 1341 4825 celebravit,
1365 4749 1522 4830 utriusque
1545 4753 1599 4816 lin-
