<?xml version="1.0" encoding="UTF-8"?>
<!DOCTYPE html PUBLIC "-//W3C//DTD XHTML 1.0 Transitional//EN"
    "http://www.w3.org/TR/xhtml1/DTD/xhtml1-transitional.dtd">
<html xmlns="http://www.w3.org/1999/xhtml" xml:lang="en" lang="en">
 <head>
  <title>
</title>
<meta http-equiv="Content-Type" content="text/html;charset=utf-8" />
  <meta name='ocr-system' content='tesseract 3.04.00' />
  <meta name='ocr-capabilities' content='ocr_page ocr_carea ocr_par ocr_line ocrx_word'/>
</head>
<body>
  <div class='ocr_page' id='page_1' title='image "./bibliothecalati00schgoog/bibliothecalati00schgoog_0522.png"; bbox 0 0 3608 5604; ppageno 0'>
   <div class='ocr_carea' id='block_1_1' title="bbox 671 50 1611 128">
    <p class='ocr_par' dir='ltr' id='par_1_1' title="bbox 671 50 1611 128">
     <span class='ocr_line' id='line_1_1' title="bbox 671 50 1611 128; baseline -0.001 -16"><span class='ocrx_word' id='word_1_1' title='bbox 671 50 1044 118; x_wconf 81' lang='lat' dir='ltr'><strong>nucunanuus</strong></span> <span class='ocrx_word' id='word_1_2' title='bbox 1552 63 1611 128; x_wconf 70' lang='lat'><strong>537</strong></span> 
     </span>
    </p>
   </div>
   <div class='ocr_carea' id='block_1_2' title="bbox 113 158 1661 4528">
    <p class='ocr_par' dir='ltr' id='par_1_2' title="bbox 113 158 1661 4528">
     <span class='ocr_line' id='line_1_2' title="bbox 124 158 1612 243; baseline 0.005 -20"><span class='ocrx_word' id='word_1_3' title='bbox 124 159 354 223; x_wconf 71' lang='lat' dir='ltr'><strong>exhortationes</strong></span> <span class='ocrx_word' id='word_1_4' title='bbox 387 160 468 238; x_wconf 87' lang='lat' dir='ltr'><strong>pias,</strong></span> <span class='ocrx_word' id='word_1_5' title='bbox 495 165 536 218; x_wconf 55' lang='lat' dir='ltr'><strong>et*</strong></span> <span class='ocrx_word' id='word_1_6' title='bbox 557 158 778 222; x_wconf 73' lang='lat' dir='ltr'><strong><em>Commentario</em></strong></span> <span class='ocrx_word' id='word_1_7' title='bbox 808 161 839 222; x_wconf 85' lang='grc'><strong>43</strong></span> <span class='ocrx_word' id='word_1_8' title='bbox 894 161 932 222; x_wconf 88' lang='grc'><strong>03</strong></span> <span class='ocrx_word' id='word_1_9' title='bbox 954 163 1061 226; x_wconf 89' lang='grc'><strong>3444033</strong></span> <span class='ocrx_word' id='word_1_10' title='bbox 1081 165 1227 243; x_wconf 83' lang='lat' dir='ltr'><strong>baptismi</strong></span> <span class='ocrx_word' id='word_1_11' title='bbox 1245 171 1276 225; x_wconf 90' lang='lat' dir='ltr'><strong>et</strong></span> <span class='ocrx_word' id='word_1_12' title='bbox 1293 166 1612 232; x_wconf 85' lang='lat' dir='ltr'><strong>abrenunciationibus</strong></span> 
     </span>
     <span class='ocr_line' id='line_1_3' title="bbox 124 248 1611 338; baseline 0.007 -24"><span class='ocrx_word' id='word_1_13' title='bbox 124 251 273 335; x_wconf 78' lang='lat' dir='ltr'><strong>quosdam</strong></span> <span class='ocrx_word' id='word_1_14' title='bbox 295 268 452 314; x_wconf 80' lang='lat' dir='ltr'><strong>sacrorum</strong></span> <span class='ocrx_word' id='word_1_15' title='bbox 477 248 641 312; x_wconf 82' lang='lat' dir='ltr'><strong>Bibliorum</strong></span> <span class='ocrx_word' id='word_1_16' title='bbox 670 252 764 325; x_wconf 85' lang='grc'><strong>43334,</strong></span> <span class='ocrx_word' id='word_1_17' title='bbox 786 253 840 314; x_wconf 88' lang='grc'><strong>330</strong></span> <span class='ocrx_word' id='word_1_18' title='bbox 895 257 924 316; x_wconf 93' lang='grc'><strong>43</strong></span> <span class='ocrx_word' id='word_1_19' title='bbox 947 273 982 321; x_wconf 86' lang='grc'><strong>33</strong></span> <span class='ocrx_word' id='word_1_20' title='bbox 1004 257 1067 316; x_wconf 83' lang='lat' dir='ltr'><strong>fieri</strong></span> <span class='ocrx_word' id='word_1_21' title='bbox 1091 259 1186 318; x_wconf 87' lang='grc'><strong>3314443</strong></span> <span class='ocrx_word' id='word_1_22' title='bbox 1206 275 1271 338; x_wconf 88' lang='lat' dir='ltr'><strong>pag.</strong></span> <span class='ocrx_word' id='word_1_23' title='bbox 1290 260 1337 320; x_wconf 93' lang='grc'><strong>28.</strong></span> <span class='ocrx_word' id='word_1_24' title='bbox 1350 259 1399 319; x_wconf 88' lang='grc'><strong>45.</strong></span> <span class='ocrx_word' id='word_1_25' title='bbox 1417 260 1497 335; x_wconf 85' lang='lat' dir='ltr'><strong>[edit.</strong></span> <span class='ocrx_word' id='word_1_26' title='bbox 1515 278 1611 324; x_wconf 86' lang='lat' dir='ltr'><strong>novae</strong></span> 
     </span>
     <span class='ocr_line' id='line_1_4' title="bbox 125 347 1657 428; baseline 0.003 -20"><span class='ocrx_word' id='word_1_27' title='bbox 125 365 186 408; x_wconf 90' lang='lat' dir='ltr'><strong>nec</strong></span> <span class='ocrx_word' id='word_1_28' title='bbox 204 347 245 407; x_wconf 91' lang='lat' dir='ltr'><strong>illi</strong></span> <span class='ocrx_word' id='word_1_29' title='bbox 261 363 318 407; x_wconf 87' lang='lat' dir='ltr'><strong>nec</strong></span> <span class='ocrx_word' id='word_1_30' title='bbox 334 347 384 407; x_wconf 90' lang='grc'><strong>3444</strong></span> <span class='ocrx_word' id='word_1_31' title='bbox 408 348 569 424; x_wconf 84' lang='lat' dir='ltr'><strong>cuiquam,</strong></span> <span class='ocrx_word' id='word_1_32' title='bbox 586 353 619 407; x_wconf 91' lang='lat' dir='ltr'><strong>ut</strong></span> <span class='ocrx_word' id='word_1_33' title='bbox 638 349 760 424; x_wconf 81' lang='lat' dir='ltr'>opinor,</span> <span class='ocrx_word' id='word_1_34' title='bbox 777 348 842 407; x_wconf 87' lang='lat' dir='ltr'><strong>visa</strong></span> <span class='ocrx_word' id='word_1_35' title='bbox 894 365 960 428; x_wconf 91' lang='lat' dir='ltr'><strong>pag.</strong></span> <span class='ocrx_word' id='word_1_36' title='bbox 980 349 1026 411; x_wconf 88' lang='grc'><strong>78.</strong></span> <span class='ocrx_word' id='word_1_37' title='bbox 1040 357 1070 410; x_wconf 87' lang='grc'><strong>34</strong></span> <span class='ocrx_word' id='word_1_38' title='bbox 1092 351 1150 424; x_wconf 84' lang='grc'><strong>85.)</strong></span> <span class='ocrx_word' id='word_1_39' title='bbox 1654 347 1657 352; x_wconf 74' lang='grc'>’</span> 
     </span>
     <span class='ocr_line' id='line_1_5' title="bbox 124 439 1607 528; baseline 0.004 -25"><span class='ocrx_word' id='word_1_40' title='bbox 124 447 276 503; x_wconf 88' lang='lat' dir='ltr'><strong>memorat</strong></span> <span class='ocrx_word' id='word_1_41' title='bbox 293 441 409 500; x_wconf 89' lang='lat' dir='ltr'><strong>Pitseus</strong></span> <span class='ocrx_word' id='word_1_42' title='bbox 427 455 491 516; x_wconf 88' lang='lat' dir='ltr'><strong>pag.</strong></span> <span class='ocrx_word' id='word_1_43' title='bbox 509 439 576 500; x_wconf 89' lang='grc'><strong>442.</strong></span> <span class='ocrx_word' id='word_1_44' title='bbox 591 439 677 500; x_wconf 81' lang='lat' dir='ltr'><strong>Alius</strong></span> <span class='ocrx_word' id='word_1_45' title='bbox 694 440 724 501; x_wconf 88' lang='lat' dir='ltr'><strong>S.</strong></span> <span class='ocrx_word' id='word_1_46' title='bbox 740 440 843 502; x_wconf 87' lang='lat' dir='ltr'><strong>LEVl-</strong></span> <span class='ocrx_word' id='word_1_47' title='bbox 933 442 1062 503; x_wconf 77' lang='lat' dir='ltr'><strong>laerones</strong></span> <span class='ocrx_word' id='word_1_48' title='bbox 1088 441 1285 504; x_wconf 84' lang='lat' dir='ltr'><strong>Gerhrandns</strong></span> <span class='ocrx_word' id='word_1_49' title='bbox 1302 443 1338 505; x_wconf 84' lang='lat' dir='ltr'><strong>de</strong></span> <span class='ocrx_word' id='word_1_50' title='bbox 1356 446 1499 522; x_wconf 83' lang='grc'><strong>434048,</strong></span> <span class='ocrx_word' id='word_1_51' title='bbox 1517 464 1607 528; x_wconf 90' lang='lat' dir='ltr'><strong>supra</strong></span> 
     </span>
     <span class='ocr_line' id='line_1_6' title="bbox 123 529 1173 614; baseline 0.002 -20"><span class='ocrx_word' id='word_1_52' title='bbox 123 533 201 595; x_wconf 86' lang='lat' dir='ltr'><strong>NUS</strong></span> <span class='ocrx_word' id='word_1_53' title='bbox 218 535 283 594; x_wconf 84' lang='lat' dir='ltr'><strong>sive</strong></span> <span class='ocrx_word' id='word_1_54' title='bbox 300 531 449 593; x_wconf 84' lang='lat' dir='ltr'><strong>LlVlNUS</strong></span> <span class='ocrx_word' id='word_1_55' title='bbox 464 533 581 606; x_wconf 83' lang='grc'><strong>833433,</strong></span> <span class='ocrx_word' id='word_1_56' title='bbox 593 529 842 611; x_wconf 79' lang='lat' dir='ltr'><strong>archiepiscopos</strong></span> <span class='ocrx_word' id='word_1_57' title='bbox 895 541 967 595; x_wconf 88' lang='lat' dir='ltr'><strong>tom.</strong></span> <span class='ocrx_word' id='word_1_58' title='bbox 985 536 1022 610; x_wconf 88' lang='lat'><strong>3,</strong></span> <span class='ocrx_word' id='word_1_59' title='bbox 1040 553 1105 614; x_wconf 89' lang='lat' dir='ltr'><strong>pag.</strong></span> <span class='ocrx_word' id='word_1_60' title='bbox 1125 537 1173 598; x_wconf 91' lang='grc'><strong>45.</strong></span> 
     </span>
     <span class='ocr_line' id='line_1_7' title="bbox 124 624 1607 708; baseline 0.001 -18"><span class='ocrx_word' id='word_1_61' title='bbox 124 635 161 690; x_wconf 88' lang='grc'><strong>34</strong></span> <span class='ocrx_word' id='word_1_62' title='bbox 180 628 266 688; x_wconf 88' lang='grc'><strong>34334</strong></span> <span class='ocrx_word' id='word_1_63' title='bbox 282 627 459 702; x_wconf 88' lang='grc'><strong>4440333433,</strong></span> <span class='ocrx_word' id='word_1_64' title='bbox 482 632 513 686; x_wconf 88' lang='lat' dir='ltr'><strong>et</strong></span> <span class='ocrx_word' id='word_1_65' title='bbox 538 627 651 702; x_wconf 83' lang='lat' dir='ltr'><strong>hlartyr</strong></span> <span class='ocrx_word' id='word_1_66' title='bbox 676 626 754 686; x_wconf 86' lang='lat' dir='ltr'><strong>circe</strong></span> <span class='ocrx_word' id='word_1_67' title='bbox 782 627 839 686; x_wconf 83' lang='lat' dir='ltr'><strong>An.</strong></span> <span class='ocrx_word' id='word_1_68' title='bbox 935 624 1091 706; x_wconf 71' lang='lat' dir='ltr'><strong><em>Philippus</em></strong></span> <span class='ocrx_word' id='word_1_69' title='bbox 1107 627 1143 688; x_wconf 87' lang='grc'><strong>03</strong></span> <span class='ocrx_word' id='word_1_70' title='bbox 1160 627 1303 705; x_wconf 85' lang='grc'><strong>034048,</strong></span> <span class='ocrx_word' id='word_1_71' title='bbox 1321 630 1508 708; x_wconf 88' lang='grc'><strong>4433304443,</strong></span> <span class='ocrx_word' id='word_1_72' title='bbox 1526 633 1607 695; x_wconf 88' lang='grc'><strong>43343</strong></span> 
     </span>
     <span class='ocr_line' id='line_1_8' title="bbox 127 719 1606 798; baseline 0.004 -18"><span class='ocrx_word' id='word_1_73' title='bbox 127 721 189 784; x_wconf 89' lang='grc'><strong>633</strong></span> <span class='ocrx_word' id='word_1_74' title='bbox 206 720 244 781; x_wconf 90' lang='grc'><strong>03</strong></span> <span class='ocrx_word' id='word_1_75' title='bbox 265 736 324 798; x_wconf 91' lang='lat' dir='ltr'><strong>quo</strong></span> <span class='ocrx_word' id='word_1_76' title='bbox 339 720 447 781; x_wconf 89' lang='grc'><strong>034333</strong></span> <span class='ocrx_word' id='word_1_77' title='bbox 467 719 545 782; x_wconf 84' lang='lat' dir='ltr'><strong>XIV.</strong></span> <span class='ocrx_word' id='word_1_78' title='bbox 567 721 605 780; x_wconf 91' lang='grc'><strong>46</strong></span> <span class='ocrx_word' id='word_1_79' title='bbox 630 725 662 780; x_wconf 88' lang='grc'><strong>34</strong></span> <span class='ocrx_word' id='word_1_80' title='bbox 682 720 744 788; x_wconf 87' lang='grc'><strong>433.</strong></span> <span class='ocrx_word' id='word_1_81' title='bbox 771 721 842 782; x_wconf 89' lang='lat' dir='ltr'><strong>Wa-</strong></span> <span class='ocrx_word' id='word_1_82' title='bbox 894 720 1043 780; x_wconf 87' lang='grc'><strong>03343334</strong></span> <span class='ocrx_word' id='word_1_83' title='bbox 1055 721 1226 783; x_wconf 82' lang='lat' dir='ltr'><strong>canonicus</strong></span> <span class='ocrx_word' id='word_1_84' title='bbox 1239 725 1329 784; x_wconf 85' lang='lat' dir='ltr'><strong>Paris.</strong></span> <span class='ocrx_word' id='word_1_85' title='bbox 1341 722 1487 786; x_wconf 90' lang='grc' dir='ltr'><strong>Α3.4369</strong></span> <span class='ocrx_word' id='word_1_86' title='bbox 1499 724 1606 786; x_wconf 89' lang='grc'><strong>034303</strong></span> 
     </span>
     <span class='ocr_line' id='line_1_9' title="bbox 123 812 1607 896; baseline 0.003 -22"><span class='ocrx_word' id='word_1_87' title='bbox 123 829 216 876; x_wconf 88' lang='grc'><strong>33333</strong></span> <span class='ocrx_word' id='word_1_88' title='bbox 233 812 271 874; x_wconf 88' lang='grc'><strong>03</strong></span> <span class='ocrx_word' id='word_1_89' title='bbox 292 813 489 891; x_wconf 84' lang='lat' dir='ltr'><strong>scriptoribus</strong></span> <span class='ocrx_word' id='word_1_90' title='bbox 515 812 671 874; x_wconf 81' lang='lat' dir='ltr'><strong>Hiberniae</strong></span> <span class='ocrx_word' id='word_1_91' title='bbox 697 829 764 892; x_wconf 89' lang='lat' dir='ltr'><strong>pag.</strong></span> <span class='ocrx_word' id='word_1_92' title='bbox 792 814 841 874; x_wconf 90' lang='grc'><strong>24.</strong></span> <span class='ocrx_word' id='word_1_93' title='bbox 894 814 924 872; x_wconf 91' lang='grc'><strong>43</strong></span> <span class='ocrx_word' id='word_1_94' title='bbox 941 813 1038 874; x_wconf 87' lang='lat' dir='ltr'><strong>Patria</strong></span> <span class='ocrx_word' id='word_1_95' title='bbox 1055 813 1225 876; x_wconf 90' lang='lat' dir='ltr'><strong>Canonicus</strong></span> <span class='ocrx_word' id='word_1_96' title='bbox 1242 815 1429 896; x_wconf 86' lang='lat' dir='ltr'><strong>Trajectinns</strong></span> <span class='ocrx_word' id='word_1_97' title='bbox 1443 817 1522 879; x_wconf 87' lang='lat' dir='ltr'><strong>diem</strong></span> <span class='ocrx_word' id='word_1_98' title='bbox 1535 819 1607 879; x_wconf 91' lang='lat' dir='ltr'><strong>obiit</strong></span> 
     </span>
     <span class='ocr_line' id='line_1_10' title="bbox 124 902 1608 984; baseline 0.003 -17"><span class='ocrx_word' id='word_1_99' title='bbox 124 907 179 984; x_wconf 90' lang='lat' dir='ltr'><strong>qui</strong></span> <span class='ocrx_word' id='word_1_100' title='bbox 198 911 319 984; x_wconf 91' lang='lat' dir='ltr'><strong>praeter</strong></span> <span class='ocrx_word' id='word_1_101' title='bbox 335 902 613 983; x_wconf 86' lang='lat' dir='ltr'><strong>Homiliasaliquot</strong></span> <span class='ocrx_word' id='word_1_102' title='bbox 630 905 753 968; x_wconf 89' lang='lat' dir='ltr'><strong>tradunt</strong></span> <span class='ocrx_word' id='word_1_103' title='bbox 769 922 840 968; x_wconf 88' lang='lat' dir='ltr'><strong>eum</strong></span> <span class='ocrx_word' id='word_1_104' title='bbox 893 905 949 966; x_wconf 80' lang='grc'><strong>03.</strong></span> <span class='ocrx_word' id='word_1_105' title='bbox 968 905 1056 968; x_wconf 97' lang='grc'><strong>4386.</strong></span> <span class='ocrx_word' id='word_1_106' title='bbox 1072 907 1211 968; x_wconf 89' lang='lat' dir='ltr'><strong>Guilelmi</strong></span> <span class='ocrx_word' id='word_1_107' title='bbox 1227 911 1353 984; x_wconf 76' lang='lat' dir='ltr'><strong>bavari,</strong></span> <span class='ocrx_word' id='word_1_108' title='bbox 1369 910 1541 971; x_wconf 87' lang='lat' dir='ltr'><strong>llollandiae</strong></span> <span class='ocrx_word' id='word_1_109' title='bbox 1553 913 1608 974; x_wconf 89' lang='lat' dir='ltr'><strong>Co-</strong></span> 
     </span>
     <span class='ocr_line' id='line_1_11' title="bbox 125 997 1607 1079; baseline 0.002 -20"><span class='ocrx_word' id='word_1_110' title='bbox 125 1000 288 1076; x_wconf 87' lang='lat' dir='ltr'><strong>scripsisse</strong></span> <span class='ocrx_word' id='word_1_111' title='bbox 302 997 481 1078; x_wconf 76' lang='lat' dir='ltr'><strong>epitaphium</strong></span> <span class='ocrx_word' id='word_1_112' title='bbox 501 999 532 1061; x_wconf 87' lang='lat' dir='ltr'><strong>S.</strong></span> <span class='ocrx_word' id='word_1_113' title='bbox 552 999 697 1074; x_wconf 85' lang='grc'><strong>0333343,</strong></span> <span class='ocrx_word' id='word_1_114' title='bbox 719 1007 750 1060; x_wconf 86' lang='grc'><strong>34</strong></span> <span class='ocrx_word' id='word_1_115' title='bbox 770 999 841 1079; x_wconf 82' lang='lat' dir='ltr'><strong>Epi·</strong></span> <span class='ocrx_word' id='word_1_116' title='bbox 895 1000 976 1058; x_wconf 88' lang='grc'><strong>334443</strong></span> <span class='ocrx_word' id='word_1_117' title='bbox 992 1016 1008 1058; x_wconf 89' lang='grc'><strong>3</strong></span> <span class='ocrx_word' id='word_1_118' title='bbox 1023 1000 1181 1061; x_wconf 80' lang='lat' dir='ltr'><strong>Consiliis:</strong></span> <span class='ocrx_word' id='word_1_119' title='bbox 1199 1007 1318 1079; x_wconf 87' lang='lat' dir='ltr'><strong>praeter</strong></span> <span class='ocrx_word' id='word_1_120' title='bbox 1343 1004 1503 1064; x_wconf 75' lang='lat' dir='ltr'><strong>Lecturam</strong></span> <span class='ocrx_word' id='word_1_121' title='bbox 1525 1003 1555 1064; x_wconf 84' lang='lat' dir='ltr'><strong>ia</strong></span> <span class='ocrx_word' id='word_1_122' title='bbox 1572 1003 1607 1063; x_wconf 85' lang='grc'><strong>44-</strong></span> 
     </span>
     <span class='ocr_line' id='line_1_12' title="bbox 124 1086 1602 1171; baseline 0.005 -21"><span class='ocrx_word' id='word_1_123' title='bbox 124 1089 234 1152; x_wconf 81' lang='lat' dir='ltr'><strong>etolam</strong></span> <span class='ocrx_word' id='word_1_124' title='bbox 250 1089 292 1150; x_wconf 88' lang='lat' dir='ltr'><strong>ad</strong></span> <span class='ocrx_word' id='word_1_125' title='bbox 305 1089 515 1164; x_wconf 85' lang='lat' dir='ltr'><strong>Elorhertum,</strong></span> <span class='ocrx_word' id='word_1_126' title='bbox 533 1094 707 1153; x_wconf 89' lang='lat' dir='ltr'><strong>monasterii</strong></span> <span class='ocrx_word' id='word_1_127' title='bbox 723 1093 746 1153; x_wconf 92' lang='lat' dir='ltr'>S</span> <span class='ocrx_word' id='word_1_128' title='bbox 782 1095 839 1156; x_wconf 89' lang='lat' dir='ltr'><strong>Ba·</strong></span> <span class='ocrx_word' id='word_1_129' title='bbox 894 1086 982 1151; x_wconf 83' lang='lat' dir='ltr'><strong>hrum</strong></span> <span class='ocrx_word' id='word_1_130' title='bbox 1001 1091 1058 1150; x_wconf 90' lang='grc'><strong>444.</strong></span> <span class='ocrx_word' id='word_1_131' title='bbox 1076 1091 1276 1154; x_wconf 84' lang='lat' dir='ltr'><strong>Decretah&#39;um</strong></span> <span class='ocrx_word' id='word_1_132' title='bbox 1294 1096 1413 1171; x_wconf 84' lang='lat' dir='ltr'><strong>scripsit</strong></span> <span class='ocrx_word' id='word_1_133' title='bbox 1438 1103 1602 1157; x_wconf 88' lang='lat' dir='ltr'><strong>tractatum</strong></span> 
     </span>
     <span class='ocr_line' id='line_1_13' title="bbox 123 1183 1604 1269; baseline 0.005 -26"><span class='ocrx_word' id='word_1_134' title='bbox 123 1187 215 1244; x_wconf 86' lang='lat' dir='ltr'><strong>vonis</strong></span> <span class='ocrx_word' id='word_1_135' title='bbox 232 1183 389 1246; x_wconf 81' lang='lat' dir='ltr'><strong>abbatem.</strong></span> <span class='ocrx_word' id='word_1_136' title='bbox 411 1185 454 1244; x_wconf 90' lang='grc'><strong>03</strong></span> <span class='ocrx_word' id='word_1_137' title='bbox 471 1184 527 1246; x_wconf 89' lang='grc'><strong>033</strong></span> <span class='ocrx_word' id='word_1_138' title='bbox 550 1187 671 1246; x_wconf 89' lang='lat' dir='ltr'><strong>Bavone</strong></span> <span class='ocrx_word' id='word_1_139' title='bbox 694 1187 840 1261; x_wconf 83' lang='lat' dir='ltr'><strong>Baronius</strong></span> <span class='ocrx_word' id='word_1_140' title='bbox 893 1183 928 1244; x_wconf 82' lang='lat' dir='ltr'><strong>cte</strong></span> <span class='ocrx_word' id='word_1_141' title='bbox 948 1183 1029 1263; x_wconf 81' lang='grc'><strong>44343.</strong></span> <span class='ocrx_word' id='word_1_142' title='bbox 1049 1201 1126 1252; x_wconf 77' lang='lat' dir='ltr'><strong>mura</strong></span> <span class='ocrx_word' id='word_1_143' title='bbox 1146 1191 1263 1246; x_wconf 83' lang='lat' dir='ltr'><strong>etsorte</strong></span> <span class='ocrx_word' id='word_1_144' title='bbox 1275 1186 1529 1267; x_wconf 68' lang='lat' dir='ltr'><strong>principantis&#39;de</strong></span> <span class='ocrx_word' id='word_1_145' title='bbox 1544 1205 1604 1269; x_wconf 90' lang='lat' dir='ltr'><strong>quo</strong></span> 
     </span>
     <span class='ocr_line' id='line_1_14' title="bbox 122 1276 1605 1354; baseline 0.003 -16"><span class='ocrx_word' id='word_1_146' title='bbox 122 1276 161 1339; x_wconf 86' lang='lat' dir='ltr'><strong>ad</strong></span> <span class='ocrx_word' id='word_1_147' title='bbox 179 1278 365 1354; x_wconf 82' lang='lat' dir='ltr'><strong>Martyrnlog.</strong></span> <span class='ocrx_word' id='word_1_148' title='bbox 386 1280 413 1338; x_wconf 93' lang='grc'><strong>4.</strong></span> <span class='ocrx_word' id='word_1_149' title='bbox 428 1278 576 1338; x_wconf 88' lang='lat' dir='ltr'><strong>Octobris.</strong></span> <span class='ocrx_word' id='word_1_150' title='bbox 894 1277 949 1336; x_wconf 80' lang='grc'><strong>43.</strong></span> <span class='ocrx_word' id='word_1_151' title='bbox 969 1278 1048 1338; x_wconf 93' lang='grc'><strong>4546</strong></span> <span class='ocrx_word' id='word_1_152' title='bbox 1065 1277 1163 1353; x_wconf 88' lang='grc'><strong>30443,</strong></span> <span class='ocrx_word' id='word_1_153' title='bbox 1180 1286 1211 1337; x_wconf 89' lang='grc'><strong>34</strong></span> <span class='ocrx_word' id='word_1_154' title='bbox 1227 1279 1324 1340; x_wconf 82' lang='lat' dir='ltr'><strong>Amet.</strong></span> <span class='ocrx_word' id='word_1_155' title='bbox 1344 1282 1416 1343; x_wconf 91' lang='grc'><strong>4704</strong></span> <span class='ocrx_word' id='word_1_156' title='bbox 1440 1283 1469 1340; x_wconf 88' lang='grc'><strong>4.</strong></span> <span class='ocrx_word' id='word_1_157' title='bbox 1499 1298 1605 1343; x_wconf 86' lang='grc'><strong>333333</strong></span> 
     </span>
     <span class='ocr_line' id='line_1_15' title="bbox 167 1369 1605 1452; baseline 0.003 -22"><span class='ocrx_word' id='word_1_158' title='bbox 167 1371 416 1434; x_wconf 82' lang='grc'><strong>0000030408</strong></span> <span class='ocrx_word' id='word_1_159' title='bbox 447 1373 513 1432; x_wconf 87' lang='lat' dir='ltr'><strong>sive</strong></span> <span class='ocrx_word' id='word_1_160' title='bbox 547 1371 839 1448; x_wconf 83' lang='lat' dir='ltr'><strong>LETHEBERTUS,</strong></span> <span class='ocrx_word' id='word_1_161' title='bbox 893 1369 963 1430; x_wconf 86' lang='lat' dir='ltr'><strong>vide</strong></span> <span class='ocrx_word' id='word_1_162' title='bbox 983 1370 1134 1432; x_wconf 83' lang='lat' dir='ltr'><strong>Oudinunr</strong></span> <span class='ocrx_word' id='word_1_163' title='bbox 1152 1374 1467 1452; x_wconf 77' lang='lat' dir='ltr'><strong>tom.3,pag.tt52.</strong></span> <span class='ocrx_word' id='word_1_164' title='bbox 1485 1373 1605 1435; x_wconf 81' lang='lat' dir='ltr'><strong>hraste-</strong></span> 
     </span>
     <span class='ocr_line' id='line_1_16' title="bbox 122 1463 1603 1544; baseline 0.001 -18"><span class='ocrx_word' id='word_1_165' title='bbox 122 1463 242 1544; x_wconf 78' lang='lat' dir='ltr'><strong>Auglus</strong></span> <span class='ocrx_word' id='word_1_166' title='bbox 254 1509 261 1540; x_wconf 90' lang='lat'>‚</span> <span class='ocrx_word' id='word_1_167' title='bbox 275 1465 445 1528; x_wconf 81' lang='lat' dir='ltr'><strong>cononicus</strong></span> <span class='ocrx_word' id='word_1_168' title='bbox 472 1464 629 1542; x_wconf 79' lang='lat' dir='ltr'><strong>[togularia</strong></span> <span class='ocrx_word' id='word_1_169' title='bbox 649 1465 840 1542; x_wconf 82' lang='lat' dir='ltr'><strong>Augustinia·</strong></span> <span class='ocrx_word' id='word_1_170' title='bbox 892 1463 1056 1524; x_wconf 89' lang='lat' dir='ltr'><strong>lodamensi</strong></span> <span class='ocrx_word' id='word_1_171' title='bbox 1072 1465 1196 1526; x_wconf 87' lang='lat' dir='ltr'><strong>editioni</strong></span> <span class='ocrx_word' id='word_1_172' title='bbox 1215 1468 1453 1538; x_wconf 78' lang='lat' dir='ltr'><strong>vitamauctoris</strong></span> <span class='ocrx_word' id='word_1_173' title='bbox 1465 1469 1603 1544; x_wconf 81' lang='grc'><strong>33330344</strong></span> 
     </span>
     <span class='ocr_line' id='line_1_17' title="bbox 123 1556 1661 1637; baseline 0 -19"><span class='ocrx_word' id='word_1_174' title='bbox 123 1575 185 1620; x_wconf 89' lang='grc'><strong>333</strong></span> <span class='ocrx_word' id='word_1_175' title='bbox 201 1564 292 1635; x_wconf 88' lang='lat' dir='ltr'><strong>atque</strong></span> <span class='ocrx_word' id='word_1_176' title='bbox 309 1556 408 1618; x_wconf 79' lang='grc'><strong>00033</strong></span> <span class='ocrx_word' id='word_1_177' title='bbox 426 1559 456 1620; x_wconf 88' lang='lat' dir='ltr'><strong>S.</strong></span> <span class='ocrx_word' id='word_1_178' title='bbox 473 1556 541 1618; x_wconf 83' lang='lat' dir='ltr'><strong>aua</strong></span> <span class='ocrx_word' id='word_1_179' title='bbox 565 1575 656 1637; x_wconf 82' lang='lat' dir='ltr'><strong>prope</strong></span> <span class='ocrx_word' id='word_1_180' title='bbox 673 1557 838 1620; x_wconf 86' lang='lat' dir='ltr'><strong>Valentiam</strong></span> <span class='ocrx_word' id='word_1_181' title='bbox 893 1556 1088 1619; x_wconf 79' lang='lat' dir='ltr'><strong>Sebastianus</strong></span> <span class='ocrx_word' id='word_1_182' title='bbox 1104 1557 1276 1619; x_wconf 84' lang='lat' dir='ltr'><strong>Perzoidus.</strong></span> <span class='ocrx_word' id='word_1_183' title='bbox 1660 1623 1661 1631; x_wconf 65' lang='lat'><strong>.</strong></span> 
     </span>
     <span class='ocr_line' id='line_1_18' title="bbox 127 1649 1605 1728; baseline 0.005 -17"><span class='ocrx_word' id='word_1_184' title='bbox 127 1654 158 1712; x_wconf 91' lang='lat' dir='ltr'><strong>in</strong></span> <span class='ocrx_word' id='word_1_185' title='bbox 176 1651 268 1711; x_wconf 89' lang='lat' dir='ltr'><strong>Gallia</strong></span> <span class='ocrx_word' id='word_1_186' title='bbox 295 1649 478 1711; x_wconf 89' lang='lat' dir='ltr'><strong>Narbonensi</strong></span> <span class='ocrx_word' id='word_1_187' title='bbox 500 1653 577 1712; x_wconf 88' lang='lat' dir='ltr'><strong>circa</strong></span> <span class='ocrx_word' id='word_1_188' title='bbox 599 1650 656 1712; x_wconf 87' lang='grc' dir='ltr'><strong>Α3.</strong></span> <span class='ocrx_word' id='word_1_189' title='bbox 684 1652 771 1713; x_wconf 92' lang='grc'><strong>4240.</strong></span> <span class='ocrx_word' id='word_1_190' title='bbox 797 1654 839 1715; x_wconf 89' lang='grc'><strong>03</strong></span> <span class='ocrx_word' id='word_1_191' title='bbox 937 1649 1133 1712; x_wconf 75' lang='lat' dir='ltr'><strong>Theudoricus</strong></span> <span class='ocrx_word' id='word_1_192' title='bbox 1146 1669 1167 1711; x_wconf 89' lang='grc'><strong>3</strong></span> <span class='ocrx_word' id='word_1_193' title='bbox 1184 1653 1327 1728; x_wconf 82' lang='grc'><strong>434048,</strong></span> <span class='ocrx_word' id='word_1_194' title='bbox 1349 1653 1485 1716; x_wconf 85' lang='lat' dir='ltr'><strong>Clericus</strong></span> <span class='ocrx_word' id='word_1_195' title='bbox 1502 1669 1605 1718; x_wconf 87' lang='lat' dir='ltr'><strong>mona-</strong></span> 
     </span>
     <span class='ocr_line' id='line_1_19' title="bbox 124 1741 1600 1822; baseline 0.001 -16"><span class='ocrx_word' id='word_1_196' title='bbox 124 1746 292 1807; x_wconf 87' lang='grc'><strong>33034333</strong></span> <span class='ocrx_word' id='word_1_197' title='bbox 316 1745 395 1807; x_wconf 90' lang='lat' dir='ltr'><strong>Xlll.</strong></span> <span class='ocrx_word' id='word_1_198' title='bbox 425 1745 472 1806; x_wconf 88' lang='grc'><strong>32.</strong></span> <span class='ocrx_word' id='word_1_199' title='bbox 488 1751 519 1804; x_wconf 86' lang='grc'><strong>34</strong></span> <span class='ocrx_word' id='word_1_200' title='bbox 546 1746 663 1805; x_wconf 89' lang='lat' dir='ltr'><strong>Pitseus</strong></span> <span class='ocrx_word' id='word_1_201' title='bbox 680 1761 745 1822; x_wconf 90' lang='lat' dir='ltr'><strong>pag.</strong></span> <span class='ocrx_word' id='word_1_202' title='bbox 770 1746 840 1806; x_wconf 89' lang='grc'><strong>275.</strong></span> <span class='ocrx_word' id='word_1_203' title='bbox 893 1745 976 1804; x_wconf 90' lang='lat' dir='ltr'><strong>sterii</strong></span> <span class='ocrx_word' id='word_1_204' title='bbox 1004 1741 1284 1820; x_wconf 85' lang='lat' dir='ltr'><strong>llaecmundensis,</strong></span> <span class='ocrx_word' id='word_1_205' title='bbox 1313 1744 1402 1822; x_wconf 89' lang='lat' dir='ltr'><strong>cujus</strong></span> <span class='ocrx_word' id='word_1_206' title='bbox 1435 1743 1600 1808; x_wconf 83' lang='lat' dir='ltr'><strong>breviculas</strong></span> 
     </span>
     <span class='ocr_line' id='line_1_20' title="bbox 125 1837 1602 1918; baseline 0 -16"><span class='ocrx_word' id='word_1_207' title='bbox 125 1841 179 1918; x_wconf 87' lang='lat' dir='ltr'><strong>qui</strong></span> <span class='ocrx_word' id='word_1_208' title='bbox 199 1841 276 1899; x_wconf 88' lang='lat' dir='ltr'><strong>inter</strong></span> <span class='ocrx_word' id='word_1_209' title='bbox 291 1839 348 1900; x_wconf 90' lang='lat' dir='ltr'><strong>alia</strong></span> <span class='ocrx_word' id='word_1_210' title='bbox 362 1840 428 1898; x_wconf 88' lang='lat' dir='ltr'><strong>eius</strong></span> <span class='ocrx_word' id='word_1_211' title='bbox 445 1839 666 1899; x_wconf 82' lang='lat' dir='ltr'><strong>Commentario</strong></span> <span class='ocrx_word' id='word_1_212' title='bbox 687 1843 718 1898; x_wconf 86' lang='lat' dir='ltr'><strong>et</strong></span> <span class='ocrx_word' id='word_1_213' title='bbox 735 1840 840 1900; x_wconf 89' lang='lat' dir='ltr'><strong>Lectu-</strong></span> <span class='ocrx_word' id='word_1_214' title='bbox 892 1837 957 1897; x_wconf 88' lang='lat' dir='ltr'><strong>sive</strong></span> <span class='ocrx_word' id='word_1_215' title='bbox 968 1837 1136 1915; x_wconf 69' lang='lat' dir='ltr'><strong>¹Epitaphia</strong></span> <span class='ocrx_word' id='word_1_216' title='bbox 1153 1839 1304 1899; x_wconf 88' lang='lat' dir='ltr'><strong>Comitum</strong></span> <span class='ocrx_word' id='word_1_217' title='bbox 1326 1847 1357 1900; x_wconf 89' lang='lat' dir='ltr'><strong>et</strong></span> <span class='ocrx_word' id='word_1_218' title='bbox 1373 1841 1602 1902; x_wconf 86' lang='lat' dir='ltr'><strong>Comittssarum</strong></span> 
     </span>
     <span class='ocr_line' id='line_1_21' title="bbox 126 1927 1603 2012; baseline 0 -19"><span class='ocrx_word' id='word_1_219' title='bbox 126 1950 192 2008; x_wconf 83' lang='lat' dir='ltr'><strong>ras,</strong></span> <span class='ocrx_word' id='word_1_220' title='bbox 214 1931 439 2012; x_wconf 81' lang='lat' dir='ltr'><strong>eaplnnntiones</strong></span> <span class='ocrx_word' id='word_1_221' title='bbox 460 1931 541 1994; x_wconf 87' lang='lat' dir='ltr'><strong>illius</strong></span> <span class='ocrx_word' id='word_1_222' title='bbox 559 1930 590 1990; x_wconf 86' lang='lat' dir='ltr'><strong>iu</strong></span> <span class='ocrx_word' id='word_1_223' title='bbox 611 1927 742 1992; x_wconf 85' lang='lat' dir='ltr'><strong>Psalmos</strong></span> <span class='ocrx_word' id='word_1_224' title='bbox 762 1931 840 1992; x_wconf 84' lang='lat' dir='ltr'><strong>cele-</strong></span> <span class='ocrx_word' id='word_1_225' title='bbox 891 1928 1061 1990; x_wconf 86' lang='grc'><strong>0344330433</strong></span> <span class='ocrx_word' id='word_1_226' title='bbox 1083 1931 1120 1991; x_wconf 92' lang='grc'><strong>30</strong></span> <span class='ocrx_word' id='word_1_227' title='bbox 1140 1929 1196 1992; x_wconf 87' lang='lat' dir='ltr'><strong>An.</strong></span> <span class='ocrx_word' id='word_1_228' title='bbox 1228 1931 1295 1992; x_wconf 88' lang='grc'><strong>900.</strong></span> <span class='ocrx_word' id='word_1_229' title='bbox 1329 1931 1366 1992; x_wconf 92' lang='grc'><strong>30</strong></span> <span class='ocrx_word' id='word_1_230' title='bbox 1402 1934 1488 1994; x_wconf 93' lang='grc'><strong>4054.</strong></span> <span class='ocrx_word' id='word_1_231' title='bbox 1509 1933 1603 1994; x_wconf 83' lang='lat' dir='ltr'><strong>edidit</strong></span> 
     </span>
     <span class='ocr_line' id='line_1_22' title="bbox 128 2023 1600 2104; baseline 0 -18"><span class='ocrx_word' id='word_1_232' title='bbox 128 2026 229 2088; x_wconf 87' lang='lat' dir='ltr'><strong>brant.</strong></span> <span class='ocrx_word' id='word_1_233' title='bbox 890 2023 1039 2084; x_wconf 86' lang='lat' dir='ltr'><strong>Antonius</strong></span> <span class='ocrx_word' id='word_1_234' title='bbox 1066 2023 1234 2086; x_wconf 82' lang='lat' dir='ltr'><strong>Matthaeus</strong></span> <span class='ocrx_word' id='word_1_235' title='bbox 1264 2025 1355 2104; x_wconf 87' lang='lat' dir='ltr'><strong>Lugd.</strong></span> <span class='ocrx_word' id='word_1_236' title='bbox 1377 2027 1441 2086; x_wconf 86' lang='grc'><strong>834.</strong></span> <span class='ocrx_word' id='word_1_237' title='bbox 1464 2027 1550 2088; x_wconf 88' lang='grc'><strong>4692.</strong></span> <span class='ocrx_word' id='word_1_238' title='bbox 1574 2029 1600 2086; x_wconf 90' lang='grc'><strong>4.</strong></span> 
     </span>
     <span class='ocr_line' id='line_1_23' title="bbox 164 2116 1601 2198; baseline 0.001 -18"><span class='ocrx_word' id='word_1_239' title='bbox 164 2118 340 2180; x_wconf 79' lang='lat' dir='ltr'><strong>LEGENDA</strong></span> <span class='ocrx_word' id='word_1_240' title='bbox 356 2119 459 2180; x_wconf 83' lang='lat' dir='ltr'><strong>Aureo</strong></span> <span class='ocrx_word' id='word_1_241' title='bbox 473 2133 564 2197; x_wconf 90' lang='lat' dir='ltr'><strong>supra</strong></span> <span class='ocrx_word' id='word_1_242' title='bbox 575 2135 641 2198; x_wconf 91' lang='lat' dir='ltr'><strong>pag.</strong></span> <span class='ocrx_word' id='word_1_243' title='bbox 657 2119 705 2180; x_wconf 91' lang='grc'><strong>52.</strong></span> <span class='ocrx_word' id='word_1_244' title='bbox 723 2119 766 2180; x_wconf 86' lang='lat' dir='ltr'><strong>De</strong></span> <span class='ocrx_word' id='word_1_245' title='bbox 782 2120 836 2180; x_wconf 86' lang='lat' dir='ltr'><strong>Le·</strong></span> <span class='ocrx_word' id='word_1_246' title='bbox 890 2133 956 2196; x_wconf 88' lang='lat' dir='ltr'><strong>pag.</strong></span> <span class='ocrx_word' id='word_1_247' title='bbox 979 2116 1047 2179; x_wconf 84' lang='grc'><strong>444.</strong></span> <span class='ocrx_word' id='word_1_248' title='bbox 1068 2134 1131 2196; x_wconf 89' lang='lat' dir='ltr'><strong>seq.</strong></span> <span class='ocrx_word' id='word_1_249' title='bbox 1150 2135 1295 2180; x_wconf 88' lang='lat' dir='ltr'><strong>unacum</strong></span> <span class='ocrx_word' id='word_1_250' title='bbox 1313 2121 1357 2180; x_wconf 89' lang='lat' dir='ltr'><strong>Jo.</strong></span> <span class='ocrx_word' id='word_1_251' title='bbox 1375 2119 1548 2180; x_wconf 90' lang='lat' dir='ltr'><strong>Gerbrandn</strong></span> <span class='ocrx_word' id='word_1_252' title='bbox 1563 2121 1601 2182; x_wconf 87' lang='grc'><strong>03</strong></span> 
     </span>
     <span class='ocr_line' id='line_1_24' title="bbox 118 2210 1462 2299; baseline 0 -25"><span class='ocrx_word' id='word_1_253' title='bbox 118 2212 227 2291; x_wconf 72' lang='lat' dir='ltr'><strong>aerata</strong></span> <span class='ocrx_word' id='word_1_254' title='bbox 243 2230 309 2274; x_wconf 89' lang='lat' dir='ltr'><strong>aum</strong></span> <span class='ocrx_word' id='word_1_255' title='bbox 317 2211 433 2292; x_wconf 82' lang='lat' dir='ltr'><strong>judicio</strong></span> <span class='ocrx_word' id='word_1_256' title='bbox 450 2214 476 2288; x_wconf 89' lang='lat' dir='ltr'><strong>a)</strong></span> <span class='ocrx_word' id='word_1_257' title='bbox 495 2210 637 2299; x_wconf 78' lang='grc'><strong>43333043</strong></span> <span class='ocrx_word' id='word_1_258' title='bbox 658 2213 836 2274; x_wconf 62' lang='lat' dir='ltr'><strong>&amp;amorum</strong></span> <span class='ocrx_word' id='word_1_259' title='bbox 891 2210 1022 2289; x_wconf 80' lang='lat' dir='ltr'><strong>Leydis,</strong></span> <span class='ocrx_word' id='word_1_260' title='bbox 1039 2211 1076 2272; x_wconf 91' lang='lat' dir='ltr'><strong>de</strong></span> <span class='ocrx_word' id='word_1_261' title='bbox 1097 2228 1156 2290; x_wconf 91' lang='lat' dir='ltr'><strong>quo</strong></span> <span class='ocrx_word' id='word_1_262' title='bbox 1178 2227 1268 2290; x_wconf 91' lang='lat' dir='ltr'><strong>supra</strong></span> <span class='ocrx_word' id='word_1_263' title='bbox 1290 2220 1312 2271; x_wconf 94' lang='lat' dir='ltr'><strong>t.</strong></span> <span class='ocrx_word' id='word_1_264' title='bbox 1333 2215 1351 2274; x_wconf 89' lang='lat'>3</span> <span class='ocrx_word' id='word_1_265' title='bbox 1367 2230 1393 2291; x_wconf 90' lang='lat' dir='ltr'><strong>p.</strong></span> <span class='ocrx_word' id='word_1_266' title='bbox 1413 2213 1462 2274; x_wconf 90' lang='grc'><strong>45.</strong></span> 
     </span>
     <span class='ocr_line' id='line_1_25' title="bbox 122 2303 1602 2387; baseline 0 -21"><span class='ocrx_word' id='word_1_267' title='bbox 122 2305 204 2385; x_wconf 85' lang='lat' dir='ltr'><strong>quod</strong></span> <span class='ocrx_word' id='word_1_268' title='bbox 224 2306 334 2385; x_wconf 82' lang='grc'><strong>334333</strong></span> <span class='ocrx_word' id='word_1_269' title='bbox 358 2323 446 2386; x_wconf 84' lang='lat' dir='ltr'><strong>saepe</strong></span> <span class='ocrx_word' id='word_1_270' title='bbox 460 2303 576 2382; x_wconf 69' lang='grc'><strong>34404343</strong></span> <span class='ocrx_word' id='word_1_271' title='bbox 602 2305 750 2385; x_wconf 76' lang='lat' dir='ltr'><strong>serapiae,</strong></span> <span class='ocrx_word' id='word_1_272' title='bbox 770 2307 837 2378; x_wconf 78' lang='lat' dir='ltr'><strong>virle</strong></span> <span class='ocrx_word' id='word_1_273' title='bbox 929 2306 973 2365; x_wconf 82' lang='lat' dir='ltr'><strong>lo.</strong></span> <span class='ocrx_word' id='word_1_274' title='bbox 991 2305 1189 2368; x_wconf 81' lang='lat' dir='ltr'><strong>LELANDUS</strong></span> <span class='ocrx_word' id='word_1_275' title='bbox 1203 2307 1302 2366; x_wconf 90' lang='lat' dir='ltr'><strong>senior</strong></span> <span class='ocrx_word' id='word_1_276' title='bbox 1318 2314 1349 2368; x_wconf 91' lang='lat' dir='ltr'><strong>et</strong></span> <span class='ocrx_word' id='word_1_277' title='bbox 1361 2305 1470 2384; x_wconf 84' lang='lat' dir='ltr'><strong>junior,</strong></span> <span class='ocrx_word' id='word_1_278' title='bbox 1487 2307 1525 2367; x_wconf 91' lang='grc'><strong>03</strong></span> <span class='ocrx_word' id='word_1_279' title='bbox 1536 2310 1602 2387; x_wconf 89' lang='lat' dir='ltr'><strong>qui·</strong></span> 
     </span>
     <span class='ocr_line' id='line_1_26' title="bbox 113 2398 1186 2481; baseline -0.001 -21"><span class='ocrx_word' id='word_1_280' title='bbox 113 2399 237 2481; x_wconf 83' lang='lat' dir='ltr'><strong>judicia</strong></span> <span class='ocrx_word' id='word_1_281' title='bbox 265 2401 426 2462; x_wconf 83' lang='lat' dir='ltr'><strong>Doctorum</strong></span> <span class='ocrx_word' id='word_1_282' title='bbox 457 2403 608 2460; x_wconf 85' lang='lat' dir='ltr'><strong>Romanae</strong></span> <span class='ocrx_word' id='word_1_283' title='bbox 633 2398 781 2460; x_wconf 77' lang='lat' dir='ltr'><strong>Ecclesiae</strong></span> <span class='ocrx_word' id='word_1_284' title='bbox 806 2402 838 2461; x_wconf 89' lang='lat' dir='ltr'><strong>in</strong></span> <span class='ocrx_word' id='word_1_285' title='bbox 890 2398 947 2460; x_wconf 88' lang='lat' dir='ltr'><strong>bus</strong></span> <span class='ocrx_word' id='word_1_286' title='bbox 962 2413 1052 2478; x_wconf 87' lang='lat' dir='ltr'><strong>supra</strong></span> <span class='ocrx_word' id='word_1_287' title='bbox 1071 2417 1099 2477; x_wconf 92' lang='lat' dir='ltr'><strong>p.</strong></span> <span class='ocrx_word' id='word_1_288' title='bbox 1117 2399 1186 2460; x_wconf 87' lang='grc'><strong>375.</strong></span> 
     </span>
     <span class='ocr_line' id='line_1_27' title="bbox 123 2489 1602 2570; baseline 0 -15"><span class='ocrx_word' id='word_1_289' title='bbox 123 2490 344 2555; x_wconf 85' lang='lat' dir='ltr'><strong>Consultatioue</strong></span> <span class='ocrx_word' id='word_1_290' title='bbox 358 2493 394 2554; x_wconf 86' lang='lat' dir='ltr'><strong>‹le</strong></span> <span class='ocrx_word' id='word_1_291' title='bbox 414 2493 505 2554; x_wconf 82' lang='lat' dir='ltr'><strong>Horis</strong></span> <span class='ocrx_word' id='word_1_292' title='bbox 521 2491 691 2568; x_wconf 78' lang='lat' dir='ltr'><strong>canonicis,</strong></span> <span class='ocrx_word' id='word_1_293' title='bbox 705 2489 837 2556; x_wconf 79' lang='lat' dir='ltr'><strong>Parisiis</strong></span> <span class='ocrx_word' id='word_1_294' title='bbox 930 2491 1235 2554; x_wconf 83' lang='lat' dir='ltr'><strong>LEMOVlCENSthl</strong></span> <span class='ocrx_word' id='word_1_295' title='bbox 1252 2491 1434 2570; x_wconf 89' lang='lat' dir='ltr'><strong>Episcopum</strong></span> <span class='ocrx_word' id='word_1_296' title='bbox 1453 2500 1484 2554; x_wconf 89' lang='lat' dir='ltr'><strong>et</strong></span> <span class='ocrx_word' id='word_1_297' title='bbox 1504 2495 1602 2556; x_wconf 81' lang='lat' dir='ltr'><strong>hbba-</strong></span> 
     </span>
     <span class='ocr_line' id='line_1_28' title="bbox 119 2585 1598 2664; baseline -0.001 -15"><span class='ocrx_word' id='word_1_298' title='bbox 119 2603 239 2649; x_wconf 79' lang='grc'><strong>333333</strong></span> <span class='ocrx_word' id='word_1_299' title='bbox 254 2587 310 2647; x_wconf 79' lang='lat' dir='ltr'><strong>An.</strong></span> <span class='ocrx_word' id='word_1_300' title='bbox 330 2587 409 2648; x_wconf 88' lang='grc'><strong>4643</strong></span> <span class='ocrx_word' id='word_1_301' title='bbox 428 2603 492 2664; x_wconf 88' lang='lat' dir='ltr'><strong>pag.</strong></span> <span class='ocrx_word' id='word_1_302' title='bbox 516 2587 586 2647; x_wconf 87' lang='grc'><strong>344.</strong></span> <span class='ocrx_word' id='word_1_303' title='bbox 853 2643 855 2650; x_wconf 87' lang='grc'><strong>,</strong></span> <span class='ocrx_word' id='word_1_304' title='bbox 888 2589 953 2644; x_wconf 89' lang='lat' dir='ltr'><strong>tum</strong></span> <span class='ocrx_word' id='word_1_305' title='bbox 968 2585 1068 2646; x_wconf 91' lang='lat' dir='ltr'><strong>Gesta.</strong></span> <span class='ocrx_word' id='word_1_306' title='bbox 1080 2586 1176 2663; x_wconf 89' lang='lat' dir='ltr'><strong>Supra</strong></span> <span class='ocrx_word' id='word_1_307' title='bbox 1189 2587 1217 2644; x_wconf 91' lang='grc'><strong>43</strong></span> <span class='ocrx_word' id='word_1_308' title='bbox 1229 2585 1430 2646; x_wconf 81' lang='grc'><strong>0344440000</strong></span> <span class='ocrx_word' id='word_1_309' title='bbox 1444 2585 1598 2662; x_wconf 88' lang='lat' dir='ltr'><strong>Gnidonis,</strong></span> 
     </span>
     <span class='ocr_line' id='line_1_29' title="bbox 162 2677 1506 2759; baseline -0.005 -16"><span class='ocrx_word' id='word_1_310' title='bbox 162 2679 374 2744; x_wconf 80' lang='lat' dir='ltr'><strong>LEthhDUS</strong></span> <span class='ocrx_word' id='word_1_311' title='bbox 386 2681 519 2755; x_wconf 75' lang='lat' dir='ltr'><strong>linricus,</strong></span> <span class='ocrx_word' id='word_1_312' title='bbox 529 2683 679 2758; x_wconf 88' lang='lat' dir='ltr'><strong>gratiosus</strong></span> <span class='ocrx_word' id='word_1_313' title='bbox 690 2679 766 2759; x_wconf 89' lang='lat' dir='ltr'><strong>apud</strong></span> <span class='ocrx_word' id='word_1_314' title='bbox 780 2681 835 2742; x_wconf 90' lang='lat' dir='ltr'><strong>Ca·</strong></span> <span class='ocrx_word' id='word_1_315' title='bbox 887 2683 957 2736; x_wconf 86' lang='lat' dir='ltr'><strong>tom.</strong></span> <span class='ocrx_word' id='word_1_316' title='bbox 977 2680 988 2739; x_wconf 98' lang='grc'><strong>4</strong></span> <span class='ocrx_word' id='word_1_317' title='bbox 1012 2695 1077 2757; x_wconf 85' lang='lat' dir='ltr'><strong>pag.</strong></span> <span class='ocrx_word' id='word_1_318' title='bbox 1096 2677 1154 2739; x_wconf 86' lang='grc'><strong>204</strong></span> <span class='ocrx_word' id='word_1_319' title='bbox 1171 2683 1202 2738; x_wconf 88' lang='grc'><strong>34</strong></span> <span class='ocrx_word' id='word_1_320' title='bbox 1217 2678 1399 2739; x_wconf 76' lang='grc'><strong>0034444440</strong></span> <span class='ocrx_word' id='word_1_321' title='bbox 1414 2696 1441 2755; x_wconf 93' lang='lat' dir='ltr'><strong>p.</strong></span> <span class='ocrx_word' id='word_1_322' title='bbox 1461 2680 1506 2739; x_wconf 88' lang='lat' dir='ltr'><strong>ll.</strong></span> 
     </span>
     <span class='ocr_line' id='line_1_30' title="bbox 120 2771 1599 2854; baseline -0.003 -15"><span class='ocrx_word' id='word_1_323' title='bbox 120 2778 218 2839; x_wconf 92' lang='lat' dir='ltr'><strong>roium</strong></span> <span class='ocrx_word' id='word_1_324' title='bbox 236 2778 271 2837; x_wconf 86' lang='lat' dir='ltr'><strong>it.</strong></span> <span class='ocrx_word' id='word_1_325' title='bbox 290 2783 381 2854; x_wconf 85' lang='lat' dir='ltr'><strong>atque</strong></span> <span class='ocrx_word' id='word_1_326' title='bbox 397 2781 431 2836; x_wconf 93' lang='lat' dir='ltr'><strong>ut</strong></span> <span class='ocrx_word' id='word_1_327' title='bbox 448 2773 533 2853; x_wconf 86' lang='lat' dir='ltr'><strong>ajunt</strong></span> <span class='ocrx_word' id='word_1_328' title='bbox 554 2779 620 2850; x_wconf 83' lang='lat' dir='ltr'><strong>ejus</strong></span> <span class='ocrx_word' id='word_1_329' title='bbox 641 2774 834 2835; x_wconf 85' lang='grc'><strong>0400340333-</strong></span> <span class='ocrx_word' id='word_1_330' title='bbox 926 2772 1078 2850; x_wconf 80' lang='lat' dir='ltr'><strong>Anonymi</strong></span> <span class='ocrx_word' id='word_1_331' title='bbox 1095 2771 1262 2833; x_wconf 86' lang='lat' dir='ltr'><strong>Chronioou</strong></span> <span class='ocrx_word' id='word_1_332' title='bbox 1277 2771 1369 2831; x_wconf 90' lang='lat' dir='ltr'><strong>breve</strong></span> <span class='ocrx_word' id='word_1_333' title='bbox 1386 2774 1599 2834; x_wconf 85' lang='lat' dir='ltr'><strong>Lemoviceuae</strong></span> 
     </span>
     <span class='ocr_line' id='line_1_31' title="bbox 119 2862 1597 2946; baseline -0.006 -13"><span class='ocrx_word' id='word_1_334' title='bbox 119 2875 374 2945; x_wconf 71' lang='lat' dir='ltr'><strong>rius,suocessor</strong></span> <span class='ocrx_word' id='word_1_335' title='bbox 391 2866 513 2942; x_wconf 65' lang='grc'><strong>3403343,</strong></span> <span class='ocrx_word' id='word_1_336' title='bbox 524 2873 556 2926; x_wconf 88' lang='grc'><strong>34</strong></span> <span class='ocrx_word' id='word_1_337' title='bbox 570 2867 716 2946; x_wconf 87' lang='lat' dir='ltr'><strong>hgobardi</strong></span> <span class='ocrx_word' id='word_1_338' title='bbox 731 2866 833 2940; x_wconf 76' lang='lat' dir='ltr'><strong>daces</strong></span> <span class='ocrx_word' id='word_1_339' title='bbox 886 2864 922 2924; x_wconf 92' lang='lat' dir='ltr'><strong>ab</strong></span> <span class='ocrx_word' id='word_1_340' title='bbox 940 2865 996 2924; x_wconf 79' lang='grc'><strong>43.</strong></span> <span class='ocrx_word' id='word_1_341' title='bbox 1018 2865 1085 2926; x_wconf 88' lang='lat'><strong>539.</strong></span> <span class='ocrx_word' id='word_1_342' title='bbox 1111 2864 1147 2924; x_wconf 90' lang='lat' dir='ltr'><strong>ad</strong></span> <span class='ocrx_word' id='word_1_343' title='bbox 1168 2863 1254 2925; x_wconf 91' lang='grc'><strong>4037.</strong></span> <span class='ocrx_word' id='word_1_344' title='bbox 1276 2866 1306 2922; x_wconf 91' lang='grc'><strong>43</strong></span> <span class='ocrx_word' id='word_1_345' title='bbox 1337 2862 1443 2923; x_wconf 84' lang='grc'><strong>430034</strong></span> <span class='ocrx_word' id='word_1_346' title='bbox 1466 2871 1538 2924; x_wconf 89' lang='lat' dir='ltr'><strong>tarn.</strong></span> <span class='ocrx_word' id='word_1_347' title='bbox 1570 2868 1597 2927; x_wconf 94' lang='grc'><strong>4.</strong></span> 
     </span>
     <span class='ocr_line' id='line_1_32' title="bbox 119 2951 1350 3040; baseline -0.009 -14"><span class='ocrx_word' id='word_1_348' title='bbox 119 2982 169 3026; x_wconf 87' lang='grc'><strong>333</strong></span> <span class='ocrx_word' id='word_1_349' title='bbox 186 2966 215 3024; x_wconf 93' lang='grc'><strong>43</strong></span> <span class='ocrx_word' id='word_1_350' title='bbox 232 2962 496 3040; x_wconf 83' lang='lat' dir='ltr'><strong>hrobiepisccpatu</strong></span> <span class='ocrx_word' id='word_1_351' title='bbox 522 2960 714 3038; x_wconf 90' lang='lat' dir='ltr'><strong>Lugdunensi</strong></span> <span class='ocrx_word' id='word_1_352' title='bbox 740 2975 831 3036; x_wconf 88' lang='lat' dir='ltr'><strong>quem</strong></span> <span class='ocrx_word' id='word_1_353' title='bbox 885 2958 959 3019; x_wconf 89' lang='lat' dir='ltr'><strong>Bibl.</strong></span> <span class='ocrx_word' id='word_1_354' title='bbox 982 2975 1078 3019; x_wconf 81' lang='lat' dir='ltr'><strong>nouae</strong></span> <span class='ocrx_word' id='word_1_355' title='bbox 1098 2959 1178 3020; x_wconf 80' lang='lat' dir='ltr'><strong>MSS.</strong></span> <span class='ocrx_word' id='word_1_356' title='bbox 1198 2951 1262 3037; x_wconf 86' lang='lat' dir='ltr'><strong>pag.</strong></span> <span class='ocrx_word' id='word_1_357' title='bbox 1281 2957 1350 3020; x_wconf 86' lang='grc'><strong>332.</strong></span> 
     </span>
     <span class='ocr_line' id='line_1_33' title="bbox 120 3047 1597 3138; baseline -0.005 -19"><span class='ocrx_word' id='word_1_358' title='bbox 120 3058 260 3138; x_wconf 88' lang='lat' dir='ltr'><strong>gessitab</strong></span> <span class='ocrx_word' id='word_1_359' title='bbox 278 3057 333 3119; x_wconf 84' lang='lat' dir='ltr'><strong>hn.</strong></span> <span class='ocrx_word' id='word_1_360' title='bbox 352 3055 409 3116; x_wconf 88' lang='grc'><strong>799</strong></span> <span class='ocrx_word' id='word_1_361' title='bbox 434 3053 554 3114; x_wconf 90' lang='grc'><strong>30843.</strong></span> <span class='ocrx_word' id='word_1_362' title='bbox 572 3055 663 3112; x_wconf 89' lang='grc'><strong>0333</strong></span> <span class='ocrx_word' id='word_1_363' title='bbox 681 3052 832 3112; x_wconf 84' lang='grc'><strong>83333333-</strong></span> <span class='ocrx_word' id='word_1_364' title='bbox 922 3053 1071 3131; x_wconf 87' lang='lat' dir='ltr'><strong>Excerpta</strong></span> <span class='ocrx_word' id='word_1_365' title='bbox 1092 3070 1130 3112; x_wconf 85' lang='lat' dir='ltr'><strong>ex</strong></span> <span class='ocrx_word' id='word_1_366' title='bbox 1162 3053 1257 3114; x_wconf 85' lang='lat' dir='ltr'><strong>veteri</strong></span> <span class='ocrx_word' id='word_1_367' title='bbox 1289 3047 1468 3111; x_wconf 87' lang='lat' dir='ltr'><strong>Kalendario</strong></span> <span class='ocrx_word' id='word_1_368' title='bbox 1495 3053 1597 3114; x_wconf 89' lang='lat' dir='ltr'><strong>Eccle-</strong></span> 
     </span>
     <span class='ocr_line' id='line_1_34' title="bbox 118 3142 1592 3229; baseline -0.002 -19"><span class='ocrx_word' id='word_1_369' title='bbox 118 3152 202 3212; x_wconf 83' lang='grc'><strong>40334</strong></span> <span class='ocrx_word' id='word_1_370' title='bbox 221 3158 294 3211; x_wconf 91' lang='lat' dir='ltr'><strong>torn.</strong></span> <span class='ocrx_word' id='word_1_371' title='bbox 313 3153 339 3211; x_wconf 94' lang='grc'><strong>4.</strong></span> <span class='ocrx_word' id='word_1_372' title='bbox 368 3167 434 3229; x_wconf 87' lang='lat' dir='ltr'><strong>pag.</strong></span> <span class='ocrx_word' id='word_1_373' title='bbox 460 3149 526 3208; x_wconf 88' lang='grc'><strong>300.</strong></span> <span class='ocrx_word' id='word_1_374' title='bbox 550 3147 733 3225; x_wconf 87' lang='lat' dir='ltr'><strong>Theophilus</strong></span> <span class='ocrx_word' id='word_1_375' title='bbox 754 3147 830 3223; x_wconf 83' lang='lat' dir='ltr'><strong>hay·</strong></span> <span class='ocrx_word' id='word_1_376' title='bbox 884 3147 946 3206; x_wconf 87' lang='lat' dir='ltr'><strong>siae</strong></span> <span class='ocrx_word' id='word_1_377' title='bbox 967 3147 1207 3219; x_wconf 87' lang='lat' dir='ltr'><strong>Lemovicensis,</strong></span> <span class='ocrx_word' id='word_1_378' title='bbox 1227 3142 1306 3223; x_wconf 88' lang='lat' dir='ltr'><strong>apud</strong></span> <span class='ocrx_word' id='word_1_379' title='bbox 1326 3144 1457 3206; x_wconf 87' lang='lat' dir='ltr'><strong>eundem</strong></span> <span class='ocrx_word' id='word_1_380' title='bbox 1480 3152 1552 3206; x_wconf 90' lang='lat' dir='ltr'><strong>torn.</strong></span> <span class='ocrx_word' id='word_1_381' title='bbox 1573 3147 1592 3207; x_wconf 79' lang='grc'><strong>3</strong></span> 
     </span>
     <span class='ocr_line' id='line_1_35' title="bbox 120 3237 1122 3320; baseline -0.006 -17"><span class='ocrx_word' id='word_1_382' title='bbox 120 3242 239 3303; x_wconf 86' lang='lat' dir='ltr'><strong>naudus</strong></span> <span class='ocrx_word' id='word_1_383' title='bbox 256 3249 327 3302; x_wconf 88' lang='lat' dir='ltr'><strong>torn.</strong></span> <span class='ocrx_word' id='word_1_384' title='bbox 343 3243 418 3303; x_wconf 91' lang='grc'><strong>4444.</strong></span> <span class='ocrx_word' id='word_1_385' title='bbox 435 3243 510 3320; x_wconf 90' lang='grc'><strong>033.</strong></span> <span class='ocrx_word' id='word_1_386' title='bbox 528 3257 593 3320; x_wconf 87' lang='lat' dir='ltr'><strong>pag.</strong></span> <span class='ocrx_word' id='word_1_387' title='bbox 612 3240 669 3302; x_wconf 94' lang='grc'><strong>400</strong></span> <span class='ocrx_word' id='word_1_388' title='bbox 684 3247 715 3299; x_wconf 86' lang='grc'><strong>34</strong></span> <span class='ocrx_word' id='word_1_389' title='bbox 731 3240 830 3300; x_wconf 86' lang='lat' dir='ltr'><strong>Domi·</strong></span> <span class='ocrx_word' id='word_1_390' title='bbox 883 3254 949 3317; x_wconf 88' lang='lat' dir='ltr'><strong>pag.</strong></span> <span class='ocrx_word' id='word_1_391' title='bbox 970 3237 1037 3300; x_wconf 88' lang='grc'><strong>759.</strong></span> <span class='ocrx_word' id='word_1_392' title='bbox 1060 3255 1122 3315; x_wconf 84' lang='grc'><strong>333.</strong></span> 
     </span>
     <span class='ocr_line' id='line_1_36' title="bbox 120 3330 1595 3410; baseline -0.001 -14"><span class='ocrx_word' id='word_1_393' title='bbox 120 3339 205 3396; x_wconf 87' lang='grc'><strong>34333</strong></span> <span class='ocrx_word' id='word_1_394' title='bbox 222 3334 259 3396; x_wconf 88' lang='grc'><strong>03</strong></span> <span class='ocrx_word' id='word_1_395' title='bbox 278 3335 399 3395; x_wconf 89' lang='lat' dir='ltr'><strong>Colonia</strong></span> <span class='ocrx_word' id='word_1_396' title='bbox 418 3336 446 3393; x_wconf 93' lang='lat' dir='ltr'><strong>in</strong></span> <span class='ocrx_word' id='word_1_397' title='bbox 469 3333 540 3394; x_wconf 88' lang='lat' dir='ltr'><strong>bist.</strong></span> <span class='ocrx_word' id='word_1_398' title='bbox 565 3333 708 3394; x_wconf 90' lang='lat' dir='ltr'><strong>litteraria</strong></span> <span class='ocrx_word' id='word_1_399' title='bbox 736 3330 827 3408; x_wconf 81' lang='lat' dir='ltr'><strong>bugd.</strong></span> <span class='ocrx_word' id='word_1_400' title='bbox 924 3330 1140 3410; x_wconf 80' lang='lat' dir='ltr'><strong>ThomarApm&#39;</strong></span> <span class='ocrx_word' id='word_1_401' title='bbox 1153 3330 1189 3392; x_wconf 86' lang='lat' dir='ltr'><strong>de</strong></span> <span class='ocrx_word' id='word_1_402' title='bbox 1206 3331 1369 3392; x_wconf 84' lang='lat' dir='ltr'><strong>LENle&#39;O</strong></span> <span class='ocrx_word' id='word_1_403' title='bbox 1387 3334 1453 3392; x_wconf 89' lang='lat' dir='ltr'><strong>sive</strong></span> <span class='ocrx_word' id='word_1_404' title='bbox 1474 3332 1511 3394; x_wconf 92' lang='grc'><strong>03</strong></span> <span class='ocrx_word' id='word_1_405' title='bbox 1535 3336 1595 3396; x_wconf 86' lang='lat' dir='ltr'><strong>LE-</strong></span> 
     </span>
     <span class='ocr_line' id='line_1_37' title="bbox 119 3423 1594 3508; baseline 0 -20"><span class='ocrx_word' id='word_1_406' title='bbox 119 3437 189 3489; x_wconf 89' lang='lat' dir='ltr'><strong>tom.</strong></span> <span class='ocrx_word' id='word_1_407' title='bbox 211 3429 238 3488; x_wconf 90' lang='grc'><strong>2.</strong></span> <span class='ocrx_word' id='word_1_408' title='bbox 257 3445 322 3508; x_wconf 89' lang='lat' dir='ltr'><strong>pag.</strong></span> <span class='ocrx_word' id='word_1_409' title='bbox 340 3427 373 3488; x_wconf 91' lang='grc'><strong>74</strong></span> <span class='ocrx_word' id='word_1_410' title='bbox 396 3444 459 3504; x_wconf 88' lang='lat' dir='ltr'><strong>seq.</strong></span> <span class='ocrx_word' id='word_1_411' title='bbox 477 3427 609 3488; x_wconf 89' lang='lat' dir='ltr'><strong>Exstant</strong></span> <span class='ocrx_word' id='word_1_412' title='bbox 627 3424 693 3502; x_wconf 85' lang='lat' dir='ltr'><strong>ejus</strong></span> <span class='ocrx_word' id='word_1_413' title='bbox 713 3424 829 3504; x_wconf 85' lang='lat' dir='ltr'><strong>Episto-</strong></span> <span class='ocrx_word' id='word_1_414' title='bbox 881 3425 1016 3502; x_wconf 86' lang='grc'><strong>044440,</strong></span> <span class='ocrx_word' id='word_1_415' title='bbox 1037 3426 1156 3488; x_wconf 87' lang='lat' dir='ltr'><strong>Siculus</strong></span> <span class='ocrx_word' id='word_1_416' title='bbox 1172 3425 1242 3486; x_wconf 93' lang='grc'><strong>030.</strong></span> <span class='ocrx_word' id='word_1_417' title='bbox 1261 3423 1364 3486; x_wconf 82' lang='grc'><strong>43330.</strong></span> <span class='ocrx_word' id='word_1_418' title='bbox 1387 3443 1424 3485; x_wconf 83' lang='lat' dir='ltr'><strong>ex</strong></span> <span class='ocrx_word' id='word_1_419' title='bbox 1446 3425 1594 3506; x_wconf 81' lang='lat' dir='ltr'><strong>Episcopo</strong></span> 
     </span>
     <span class='ocr_line' id='line_1_38' title="bbox 114 3518 1593 3598; baseline -0.001 -16"><span class='ocrx_word' id='word_1_420' title='bbox 114 3520 161 3582; x_wconf 87' lang='lat' dir='ltr'><strong>lae</strong></span> <span class='ocrx_word' id='word_1_421' title='bbox 180 3521 258 3582; x_wconf 84' lang='lat' dir='ltr'><strong>duae</strong></span> <span class='ocrx_word' id='word_1_422' title='bbox 277 3520 314 3582; x_wconf 91' lang='lat' dir='ltr'><strong>ad</strong></span> <span class='ocrx_word' id='word_1_423' title='bbox 332 3520 444 3582; x_wconf 86' lang='lat' dir='ltr'><strong>calcem</strong></span> <span class='ocrx_word' id='word_1_424' title='bbox 464 3518 622 3598; x_wconf 70' lang='lat' dir='ltr'><strong>agobardi,</strong></span> <span class='ocrx_word' id='word_1_425' title='bbox 645 3518 717 3579; x_wconf 92' lang='grc'><strong>3044.</strong></span> <span class='ocrx_word' id='word_1_426' title='bbox 739 3519 828 3578; x_wconf 87' lang='lat' dir='ltr'><strong>Balu-</strong></span> <span class='ocrx_word' id='word_1_427' title='bbox 881 3519 937 3579; x_wconf 80' lang='grc'><strong>43.</strong></span> <span class='ocrx_word' id='word_1_428' title='bbox 957 3519 1043 3580; x_wconf 89' lang='grc'><strong>4260.</strong></span> <span class='ocrx_word' id='word_1_429' title='bbox 1061 3519 1286 3580; x_wconf 75' lang='lat' dir='ltr'><strong>bethleemitico</strong></span> <span class='ocrx_word' id='word_1_430' title='bbox 1299 3520 1470 3582; x_wconf 85' lang='lat' dir='ltr'><strong>Patriarcha</strong></span> <span class='ocrx_word' id='word_1_431' title='bbox 1487 3522 1524 3581; x_wconf 91' lang='lat' dir='ltr'><strong>ab</strong></span> <span class='ocrx_word' id='word_1_432' title='bbox 1538 3521 1593 3582; x_wconf 79' lang='lat' dir='ltr'><strong>An.</strong></span> 
     </span>
     <span class='ocr_line' id='line_1_39' title="bbox 118 3605 1589 3694; baseline -0.001 -18"><span class='ocrx_word' id='word_1_433' title='bbox 118 3619 219 3676; x_wconf 85' lang='lat' dir='ltr'><strong>zianae</strong></span> <span class='ocrx_word' id='word_1_434' title='bbox 238 3615 328 3676; x_wconf 79' lang='lat' dir='ltr'><strong>Paris.</strong></span> <span class='ocrx_word' id='word_1_435' title='bbox 351 3615 429 3674; x_wconf 92' lang='grc'><strong>4666</strong></span> <span class='ocrx_word' id='word_1_436' title='bbox 446 3615 475 3674; x_wconf 91' lang='grc'><strong>8.</strong></span> <span class='ocrx_word' id='word_1_437' title='bbox 493 3629 550 3673; x_wconf 88' lang='grc'><strong>333</strong></span> <span class='ocrx_word' id='word_1_438' title='bbox 570 3611 768 3672; x_wconf 89' lang='lat' dir='ltr'><strong>consolatoria</strong></span> <span class='ocrx_word' id='word_1_439' title='bbox 785 3609 826 3670; x_wconf 91' lang='grc'><strong>30</strong></span> <span class='ocrx_word' id='word_1_440' title='bbox 881 3605 968 3675; x_wconf 77' lang='grc'><strong>4368.</strong></span> <span class='ocrx_word' id='word_1_441' title='bbox 984 3612 1021 3676; x_wconf 91' lang='grc'><strong>30</strong></span> <span class='ocrx_word' id='word_1_442' title='bbox 1040 3612 1126 3675; x_wconf 87' lang='grc'><strong>4277.</strong></span> <span class='ocrx_word' id='word_1_443' title='bbox 1145 3612 1450 3690; x_wconf 76' lang='lat' dir='ltr'><strong>hierosolymitanus,</strong></span> <span class='ocrx_word' id='word_1_444' title='bbox 1469 3617 1589 3694; x_wconf 87' lang='lat' dir='ltr'><strong>scripsit</strong></span> 
     </span>
     <span class='ocr_line' id='line_1_40' title="bbox 114 3703 1588 3781; baseline -0.001 -11"><span class='ocrx_word' id='word_1_445' title='bbox 114 3709 272 3778; x_wconf 80' lang='lat' dir='ltr'><strong>Sororem,</strong></span> <span class='ocrx_word' id='word_1_446' title='bbox 290 3707 429 3767; x_wconf 88' lang='lat' dir='ltr'><strong>etaltera</strong></span> <span class='ocrx_word' id='word_1_447' title='bbox 445 3705 488 3766; x_wconf 87' lang='lat' dir='ltr'><strong>nd</strong></span> <span class='ocrx_word' id='word_1_448' title='bbox 498 3704 641 3768; x_wconf 87' lang='lat' dir='ltr'><strong>Corolum</strong></span> <span class='ocrx_word' id='word_1_449' title='bbox 655 3706 693 3766; x_wconf 89' lang='grc'><strong>44.</strong></span> <span class='ocrx_word' id='word_1_450' title='bbox 705 3703 743 3764; x_wconf 84' lang='grc'><strong>03</strong></span> <span class='ocrx_word' id='word_1_451' title='bbox 758 3705 827 3781; x_wconf 83' lang='lat' dir='ltr'><strong>Epi·</strong></span> <span class='ocrx_word' id='word_1_452' title='bbox 882 3705 977 3766; x_wconf 79' lang='lat' dir='ltr'><strong>Vitam</strong></span> <span class='ocrx_word' id='word_1_453' title='bbox 993 3707 1024 3767; x_wconf 89' lang='lat' dir='ltr'><strong>S.</strong></span> <span class='ocrx_word' id='word_1_454' title='bbox 1037 3707 1131 3779; x_wconf 81' lang='lat' dir='ltr'><strong>Petri,</strong></span> <span class='ocrx_word' id='word_1_455' title='bbox 1143 3705 1327 3766; x_wconf 84' lang='lat' dir='ltr'><strong>Domlnloam</strong></span> <span class='ocrx_word' id='word_1_456' title='bbox 1337 3705 1395 3766; x_wconf 77' lang='lat' dir='ltr'><strong>An.</strong></span> <span class='ocrx_word' id='word_1_457' title='bbox 1409 3707 1497 3770; x_wconf 87' lang='grc'><strong>4252.</strong></span> <span class='ocrx_word' id='word_1_458' title='bbox 1513 3711 1588 3768; x_wconf 89' lang='lat' dir='ltr'><strong>biar-</strong></span> 
     </span>
     <span class='ocr_line' id='line_1_41' title="bbox 115 3797 1587 3881; baseline -0.002 -18"><span class='ocrx_word' id='word_1_459' title='bbox 115 3809 237 3881; x_wconf 87' lang='lat' dir='ltr'><strong>scnpatu</strong></span> <span class='ocrx_word' id='word_1_460' title='bbox 256 3818 311 3864; x_wconf 85' lang='lat' dir='ltr'><strong>suo</strong></span> <span class='ocrx_word' id='word_1_461' title='bbox 325 3808 356 3860; x_wconf 95' lang='lat' dir='ltr'><strong>et</strong></span> <span class='ocrx_word' id='word_1_462' title='bbox 373 3799 410 3861; x_wconf 89' lang='lat' dir='ltr'><strong>de</strong></span> <span class='ocrx_word' id='word_1_463' title='bbox 434 3803 679 3861; x_wconf 89' lang='lat' dir='ltr'><strong>instaurationea</strong></span> <span class='ocrx_word' id='word_1_464' title='bbox 697 3815 729 3858; x_wconf 91' lang='lat' dir='ltr'><strong>se</strong></span> <span class='ocrx_word' id='word_1_465' title='bbox 748 3797 824 3858; x_wconf 87' lang='lat' dir='ltr'><strong>iacta</strong></span> <span class='ocrx_word' id='word_1_466' title='bbox 879 3801 973 3878; x_wconf 78' lang='lat' dir='ltr'><strong>tyris,</strong></span> <span class='ocrx_word' id='word_1_467' title='bbox 991 3817 1080 3877; x_wconf 88' lang='lat' dir='ltr'><strong>quam</strong></span> <span class='ocrx_word' id='word_1_468' title='bbox 1098 3801 1226 3862; x_wconf 84' lang='lat' dir='ltr'><strong>offerunt</strong></span> <span class='ocrx_word' id='word_1_469' title='bbox 1247 3801 1354 3860; x_wconf 88' lang='lat' dir='ltr'><strong>Sarius</strong></span> <span class='ocrx_word' id='word_1_470' title='bbox 1376 3802 1424 3862; x_wconf 91' lang='grc'><strong>29.</strong></span> <span class='ocrx_word' id='word_1_471' title='bbox 1446 3801 1538 3880; x_wconf 77' lang='lat' dir='ltr'><strong>April.</strong></span> <span class='ocrx_word' id='word_1_472' title='bbox 1556 3811 1587 3862; x_wconf 91' lang='lat' dir='ltr'><strong>et</strong></span> 
     </span>
     <span class='ocr_line' id='line_1_42' title="bbox 120 3890 1589 3970; baseline 0 -16"><span class='ocrx_word' id='word_1_473' title='bbox 120 3893 253 3954; x_wconf 85' lang='lat' dir='ltr'><strong>coenobii</strong></span> <span class='ocrx_word' id='word_1_474' title='bbox 275 3893 396 3953; x_wconf 88' lang='lat' dir='ltr'><strong>insulae</strong></span> <span class='ocrx_word' id='word_1_475' title='bbox 425 3893 589 3963; x_wconf 87' lang='grc'><strong>03303333,</strong></span> <span class='ocrx_word' id='word_1_476' title='bbox 615 3907 692 3966; x_wconf 87' lang='lat' dir='ltr'><strong>quae</strong></span> <span class='ocrx_word' id='word_1_477' title='bbox 719 3890 827 3967; x_wconf 87' lang='lat' dir='ltr'><strong>iegitur</strong></span> <span class='ocrx_word' id='word_1_478' title='bbox 877 3890 952 3954; x_wconf 82' lang='grc'><strong>44343</strong></span> <span class='ocrx_word' id='word_1_479' title='bbox 973 3895 1150 3953; x_wconf 80' lang='grc'><strong>8333433333</strong></span> <span class='ocrx_word' id='word_1_480' title='bbox 1171 3899 1243 3953; x_wconf 91' lang='lat' dir='ltr'><strong>tom.</strong></span> <span class='ocrx_word' id='word_1_481' title='bbox 1264 3895 1291 3953; x_wconf 91' lang='grc'><strong>3.</strong></span> <span class='ocrx_word' id='word_1_482' title='bbox 1314 3893 1406 3969; x_wconf 83' lang='lat' dir='ltr'><strong>April.</strong></span> <span class='ocrx_word' id='word_1_483' title='bbox 1429 3910 1493 3970; x_wconf 87' lang='lat' dir='ltr'><strong>pag.</strong></span> <span class='ocrx_word' id='word_1_484' title='bbox 1519 3895 1589 3954; x_wconf 89' lang='grc'><strong>686.</strong></span> 
     </span>
     <span class='ocr_line' id='line_1_43' title="bbox 113 3981 1591 4062; baseline -0.003 -12"><span class='ocrx_word' id='word_1_485' title='bbox 113 3990 202 4050; x_wconf 88' lang='lat' dir='ltr'><strong>etiam</strong></span> <span class='ocrx_word' id='word_1_486' title='bbox 216 3989 245 4049; x_wconf 84' lang='lat' dir='ltr'><strong>in</strong></span> <span class='ocrx_word' id='word_1_487' title='bbox 259 3985 397 4046; x_wconf 88' lang='lat' dir='ltr'><strong>Guilelmi</strong></span> <span class='ocrx_word' id='word_1_488' title='bbox 416 3983 550 4046; x_wconf 88' lang='lat' dir='ltr'><strong>Paradini</strong></span> <span class='ocrx_word' id='word_1_489' title='bbox 568 3983 692 4044; x_wconf 90' lang='lat' dir='ltr'><strong>historia</strong></span> <span class='ocrx_word' id='word_1_490' title='bbox 707 3981 825 4060; x_wconf 85' lang='lat' dir='ltr'><strong>Lugdu·</strong></span> <span class='ocrx_word' id='word_1_491' title='bbox 879 3985 946 4045; x_wconf 90' lang='grc'><strong>749.</strong></span> <span class='ocrx_word' id='word_1_492' title='bbox 963 3984 1035 4045; x_wconf 87' lang='grc'><strong>4403</strong></span> <span class='ocrx_word' id='word_1_493' title='bbox 1054 3983 1205 4046; x_wconf 79' lang='grc'><strong>03043334</strong></span> <span class='ocrx_word' id='word_1_494' title='bbox 1222 3992 1292 4044; x_wconf 88' lang='lat' dir='ltr'><strong>tom.</strong></span> <span class='ocrx_word' id='word_1_495' title='bbox 1316 3985 1357 4054; x_wconf 81' lang='grc'><strong>3,</strong></span> <span class='ocrx_word' id='word_1_496' title='bbox 1380 4001 1446 4062; x_wconf 90' lang='lat' dir='ltr'><strong>pag.</strong></span> <span class='ocrx_word' id='word_1_497' title='bbox 1470 3987 1539 4046; x_wconf 89' lang='grc'><strong>550.</strong></span> <span class='ocrx_word' id='word_1_498' title='bbox 1559 3993 1591 4046; x_wconf 89' lang='grc'><strong>34</strong></span> 
     </span>
     <span class='ocr_line' id='line_1_44' title="bbox 113 4073 1591 4158; baseline -0.001 -16"><span class='ocrx_word' id='word_1_499' title='bbox 113 4083 209 4154; x_wconf 89' lang='grc'><strong>33334,</strong></span> <span class='ocrx_word' id='word_1_500' title='bbox 223 4087 254 4140; x_wconf 91' lang='lat' dir='ltr'><strong>et</strong></span> <span class='ocrx_word' id='word_1_501' title='bbox 264 4076 342 4156; x_wconf 89' lang='lat' dir='ltr'><strong>apud</strong></span> <span class='ocrx_word' id='word_1_502' title='bbox 357 4075 603 4139; x_wconf 83' lang='lat' dir='ltr'><strong>sammarthanus</strong></span> <span class='ocrx_word' id='word_1_503' title='bbox 614 4076 678 4136; x_wconf 91' lang='lat' dir='ltr'><strong>loco</strong></span> <span class='ocrx_word' id='word_1_504' title='bbox 690 4073 823 4136; x_wconf 87' lang='lat' dir='ltr'><strong>laudato:</strong></span> <span class='ocrx_word' id='word_1_505' title='bbox 878 4077 1019 4140; x_wconf 84' lang='lat' dir='ltr'><strong>iacobum</strong></span> <span class='ocrx_word' id='word_1_506' title='bbox 1038 4077 1140 4148; x_wconf 85' lang='lat' dir='ltr'><strong>Quetii</strong></span> <span class='ocrx_word' id='word_1_507' title='bbox 1150 4083 1222 4136; x_wconf 90' lang='lat' dir='ltr'><strong>tom.</strong></span> <span class='ocrx_word' id='word_1_508' title='bbox 1240 4079 1267 4148; x_wconf 84' lang='grc'><strong>4,</strong></span> <span class='ocrx_word' id='word_1_509' title='bbox 1285 4091 1350 4156; x_wconf 83' lang='lat' dir='ltr'><strong>pag.</strong></span> <span class='ocrx_word' id='word_1_510' title='bbox 1371 4079 1438 4138; x_wconf 91' lang='grc'><strong>358.</strong></span> <span class='ocrx_word' id='word_1_511' title='bbox 1457 4095 1520 4157; x_wconf 88' lang='lat' dir='ltr'><strong>seq.</strong></span> <span class='ocrx_word' id='word_1_512' title='bbox 1539 4083 1591 4158; x_wconf 89' lang='lat' dir='ltr'><strong>qui</strong></span> 
     </span>
     <span class='ocr_line' id='line_1_45' title="bbox 113 4169 1592 4252; baseline -0.002 -15"><span class='ocrx_word' id='word_1_513' title='bbox 113 4183 240 4252; x_wconf 91' lang='lat' dir='ltr'><strong>utraque</strong></span> <span class='ocrx_word' id='word_1_514' title='bbox 251 4187 357 4234; x_wconf 89' lang='lat' dir='ltr'><strong>recusa</strong></span> <span class='ocrx_word' id='word_1_515' title='bbox 374 4170 491 4232; x_wconf 89' lang='grc'><strong>430404.</strong></span> <span class='ocrx_word' id='word_1_516' title='bbox 508 4171 630 4238; x_wconf 84' lang='lat' dir='ltr'><strong>Petrum</strong></span> <span class='ocrx_word' id='word_1_517' title='bbox 649 4169 740 4229; x_wconf 88' lang='lat' dir='ltr'><strong>Paris.</strong></span> <span class='ocrx_word' id='word_1_518' title='bbox 756 4184 825 4246; x_wconf 79' lang='grc'><strong>333</strong></span> <span class='ocrx_word' id='word_1_519' title='bbox 878 4172 969 4231; x_wconf 88' lang='lat' dir='ltr'><strong>etiarn</strong></span> <span class='ocrx_word' id='word_1_520' title='bbox 984 4171 1159 4232; x_wconf 85' lang='lat' dir='ltr'><strong>Sermormm</strong></span> <span class='ocrx_word' id='word_1_521' title='bbox 1179 4171 1245 4230; x_wconf 86' lang='lat' dir='ltr'><strong>eius</strong></span> <span class='ocrx_word' id='word_1_522' title='bbox 1261 4178 1292 4232; x_wconf 90' lang='grc'><strong>34</strong></span> <span class='ocrx_word' id='word_1_523' title='bbox 1308 4169 1462 4249; x_wconf 79' lang='lat' dir='ltr'><strong>Epistulae</strong></span> <span class='ocrx_word' id='word_1_524' title='bbox 1480 4191 1518 4234; x_wconf 80' lang='lat' dir='ltr'><strong>eu</strong></span> <span class='ocrx_word' id='word_1_525' title='bbox 1536 4173 1592 4252; x_wconf 83' lang='lat' dir='ltr'><strong>Sy·</strong></span> 
     </span>
     <span class='ocr_line' id='line_1_46' title="bbox 117 4260 1590 4349; baseline -0.001 -19"><span class='ocrx_word' id='word_1_526' title='bbox 117 4271 207 4349; x_wconf 90' lang='lat' dir='ltr'><strong>piem.</strong></span> <span class='ocrx_word' id='word_1_527' title='bbox 225 4274 296 4326; x_wconf 89' lang='lat' dir='ltr'><strong>tom.</strong></span> <span class='ocrx_word' id='word_1_528' title='bbox 315 4265 343 4324; x_wconf 82' lang='grc'><strong>3.</strong></span> <span class='ocrx_word' id='word_1_529' title='bbox 359 4281 424 4344; x_wconf 91' lang='lat' dir='ltr'><strong>pag.</strong></span> <span class='ocrx_word' id='word_1_530' title='bbox 443 4264 501 4324; x_wconf 92' lang='grc'><strong>840</strong></span> <span class='ocrx_word' id='word_1_531' title='bbox 517 4271 549 4324; x_wconf 90' lang='grc'><strong>34</strong></span> <span class='ocrx_word' id='word_1_532' title='bbox 561 4271 631 4324; x_wconf 89' lang='lat' dir='ltr'><strong>torn.</strong></span> <span class='ocrx_word' id='word_1_533' title='bbox 644 4260 823 4339; x_wconf 68' lang='lat' dir='ltr'><strong>xtvaugo.</strong></span> <span class='ocrx_word' id='word_1_534' title='bbox 878 4267 921 4324; x_wconf 91' lang='lat' dir='ltr'><strong>ria</strong></span> <span class='ocrx_word' id='word_1_535' title='bbox 941 4263 983 4324; x_wconf 88' lang='grc'><strong>30</strong></span> <span class='ocrx_word' id='word_1_536' title='bbox 1001 4264 1161 4324; x_wconf 83' lang='lat' dir='ltr'><strong>lleura&#39;cum</strong></span> <span class='ocrx_word' id='word_1_537' title='bbox 1182 4263 1240 4323; x_wconf 89' lang='grc'><strong>444.</strong></span> <span class='ocrx_word' id='word_1_538' title='bbox 1261 4265 1386 4341; x_wconf 76' lang='lat' dir='ltr'><strong>angliae</strong></span> <span class='ocrx_word' id='word_1_539' title='bbox 1410 4266 1519 4342; x_wconf 82' lang='lat' dir='ltr'><strong>Regem</strong></span> <span class='ocrx_word' id='word_1_540' title='bbox 1541 4283 1590 4330; x_wconf 91' lang='lat' dir='ltr'><strong>an.</strong></span> 
     </span>
     <span class='ocr_line' id='line_1_47' title="bbox 113 4351 1592 4445; baseline -0.001 -24"><span class='ocrx_word' id='word_1_541' title='bbox 113 4381 181 4445; x_wconf 80' lang='lat' dir='ltr'><strong>pag.</strong></span> <span class='ocrx_word' id='word_1_542' title='bbox 201 4361 271 4421; x_wconf 87' lang='grc'><strong>233.</strong></span> <span class='ocrx_word' id='word_1_543' title='bbox 283 4359 404 4420; x_wconf 89' lang='lat' dir='ltr'><strong>Librum</strong></span> <span class='ocrx_word' id='word_1_544' title='bbox 422 4355 458 4418; x_wconf 87' lang='lat' dir='ltr'><strong>de</strong></span> <span class='ocrx_word' id='word_1_545' title='bbox 469 4357 665 4417; x_wconf 80' lang='lat' dir='ltr'><strong>Sacramenta</strong></span> <span class='ocrx_word' id='word_1_546' title='bbox 680 4351 828 4434; x_wconf 84' lang='lat' dir='ltr'><strong>Baptitmi</strong></span> <span class='ocrx_word' id='word_1_547' title='bbox 881 4359 958 4420; x_wconf 88' lang='grc'><strong>4263</strong></span> <span class='ocrx_word' id='word_1_548' title='bbox 979 4360 1107 4436; x_wconf 89' lang='lat' dir='ltr'><strong>scriptae</strong></span> <span class='ocrx_word' id='word_1_549' title='bbox 1129 4359 1284 4432; x_wconf 89' lang='lat' dir='ltr'><strong>meminit,</strong></span> <span class='ocrx_word' id='word_1_550' title='bbox 1302 4358 1498 4435; x_wconf 84' lang='grc'><strong>0333343303</strong></span> <span class='ocrx_word' id='word_1_551' title='bbox 1520 4361 1592 4422; x_wconf 89' lang='lat' dir='ltr'><strong>Ter-</strong></span> 
     </span>
     <span class='ocr_line' id='line_1_48' title="bbox 116 4446 1329 4528; baseline -0.007 -8"><span class='ocrx_word' id='word_1_552' title='bbox 116 4456 152 4520; x_wconf 85' lang='grc'><strong>30</strong></span> <span class='ocrx_word' id='word_1_553' title='bbox 171 4453 309 4515; x_wconf 87' lang='lat' dir='ltr'><strong>Carnium</strong></span> <span class='ocrx_word' id='word_1_554' title='bbox 328 4453 374 4512; x_wconf 87' lang='grc' dir='ltr'><strong>04.Ι</strong></span> <span class='ocrx_word' id='word_1_555' title='bbox 391 4450 527 4528; x_wconf 88' lang='lat' dir='ltr'><strong>vulgavit</strong></span> <span class='ocrx_word' id='word_1_556' title='bbox 551 4449 737 4509; x_wconf 88' lang='lat' dir='ltr'><strong>hlabillonios</strong></span> <span class='ocrx_word' id='word_1_557' title='bbox 753 4453 774 4506; x_wconf 93' lang='lat' dir='ltr'><strong>t.</strong></span> <span class='ocrx_word' id='word_1_558' title='bbox 796 4446 824 4506; x_wconf 89' lang='grc'><strong>2.</strong></span> <span class='ocrx_word' id='word_1_559' title='bbox 880 4469 930 4512; x_wconf 88' lang='grc'><strong>333</strong></span> <span class='ocrx_word' id='word_1_560' title='bbox 950 4459 1072 4512; x_wconf 85' lang='lat' dir='ltr'><strong>sanctae.</strong></span> <span class='ocrx_word' id='word_1_561' title='bbox 1094 4452 1329 4511; x_wconf 87' lang='lat' dir='ltr'><strong>imminentibus.</strong></span> 
     </span>
    </p>
   </div>
   <div class='ocr_carea' id='block_1_3' title="bbox 115 4532 1591 4820">
    <p class='ocr_par' dir='ltr' id='par_1_3' title="bbox 115 4532 1591 4820">
     <span class='ocr_line' id='line_1_49' title="bbox 115 4532 1591 4626; baseline -0.005 -13"><span class='ocrx_word' id='word_1_562' title='bbox 115 4549 248 4613; x_wconf 83' lang='grc'><strong>44334334.</strong></span> <span class='ocrx_word' id='word_1_563' title='bbox 267 4563 332 4626; x_wconf 88' lang='lat' dir='ltr'><strong>pag.</strong></span> <span class='ocrx_word' id='word_1_564' title='bbox 352 4547 377 4606; x_wconf 91' lang='grc'><strong>4.</strong></span> <span class='ocrx_word' id='word_1_565' title='bbox 396 4548 427 4604; x_wconf 86' lang='grc'><strong>34</strong></span> <span class='ocrx_word' id='word_1_566' title='bbox 451 4542 614 4621; x_wconf 88' lang='lat' dir='ltr'><strong>Epistolam</strong></span> <span class='ocrx_word' id='word_1_567' title='bbox 630 4541 666 4603; x_wconf 91' lang='lat' dir='ltr'><strong>ad</strong></span> <span class='ocrx_word' id='word_1_568' title='bbox 695 4538 825 4602; x_wconf 87' lang='lat' dir='ltr'><strong>eundern</strong></span> <span class='ocrx_word' id='word_1_569' title='bbox 919 4544 981 4604; x_wconf 90' lang='lat' dir='ltr'><strong>Sub</strong></span> <span class='ocrx_word' id='word_1_570' title='bbox 998 4532 1159 4605; x_wconf 79' lang='grc'><strong>43444044</strong></span> <span class='ocrx_word' id='word_1_571' title='bbox 1182 4545 1323 4618; x_wconf 84' lang='lat' dir='ltr'><strong>nornine,</strong></span> <span class='ocrx_word' id='word_1_572' title='bbox 1348 4545 1591 4624; x_wconf 74' lang='lat' dir='ltr'><strong>hierosolymita-</strong></span> 
     </span>
     <span class='ocr_line' id='line_1_50' title="bbox 881 4635 1589 4716; baseline 0 -16"><span class='ocrx_word' id='word_1_573' title='bbox 881 4656 987 4700; x_wconf 89' lang='lat' dir='ltr'><strong>norum</strong></span> <span class='ocrx_word' id='word_1_574' title='bbox 1011 4645 1043 4700; x_wconf 94' lang='lat' dir='ltr'><strong>ut</strong></span> <span class='ocrx_word' id='word_1_575' title='bbox 1069 4635 1155 4716; x_wconf 87' lang='lat' dir='ltr'><strong>ajunt</strong></span> <span class='ocrx_word' id='word_1_576' title='bbox 1189 4645 1258 4698; x_wconf 88' lang='lat' dir='ltr'><strong>ante</strong></span> <span class='ocrx_word' id='word_1_577' title='bbox 1290 4641 1428 4700; x_wconf 91' lang='lat' dir='ltr'><strong>Pontium</strong></span> <span class='ocrx_word' id='word_1_578' title='bbox 1462 4639 1589 4701; x_wconf 87' lang='lat' dir='ltr'><strong>Pilatum</strong></span> 
     </span>
     <span class='ocr_line' id='line_1_51' title="bbox 155 4729 1575 4820; baseline -0.009 -14"><span class='ocrx_word' id='word_1_579' title='bbox 155 4773 179 4810; x_wconf 70' lang='lat' dir='ltr'><strong>a</strong></span> <span class='ocrx_word' id='word_1_580' title='bbox 196 4757 267 4812; x_wconf 84' lang='grc'><strong>4333.</strong></span> <span class='ocrx_word' id='word_1_581' title='bbox 285 4765 339 4811; x_wconf 82' lang='lat' dir='ltr'><strong>arte</strong></span> <span class='ocrx_word' id='word_1_582' title='bbox 356 4757 474 4807; x_wconf 78' lang='lat' dir='ltr'><strong>btrtorteo</strong></span> <span class='ocrx_word' id='word_1_583' title='bbox 490 4769 549 4820; x_wconf 74' lang='lat' dir='ltr'><strong>pag.</strong></span> <span class='ocrx_word' id='word_1_584' title='bbox 563 4756 603 4806; x_wconf 87' lang='grc'><strong>48.</strong></span> <span class='ocrx_word' id='word_1_585' title='bbox 881 4733 1047 4811; x_wconf 61' lang='grc'><strong>4030844448,</strong></span> <span class='ocrx_word' id='word_1_586' title='bbox 1066 4733 1160 4794; x_wconf 76' lang='lat' dir='ltr'><strong>fertur</strong></span> <span class='ocrx_word' id='word_1_587' title='bbox 1178 4729 1311 4812; x_wconf 71' lang='grc'><strong>03444343</strong></span> <span class='ocrx_word' id='word_1_588' title='bbox 1327 4731 1364 4794; x_wconf 83' lang='lat' dir='ltr'><strong>ad</strong></span> <span class='ocrx_word' id='word_1_589' title='bbox 1383 4733 1412 4794; x_wconf 84' lang='lat' dir='ltr'><strong>S.</strong></span> <span class='ocrx_word' id='word_1_590' title='bbox 1434 4735 1466 4794; x_wconf 87' lang='lat' dir='ltr'><strong>P.</strong></span> <span class='ocrx_word' id='word_1_591' title='bbox 1482 4733 1518 4806; x_wconf 81' lang='lat' dir='ltr'><strong>Q.</strong></span> <span class='ocrx_word' id='word_1_592' title='bbox 1533 4735 1575 4794; x_wconf 85' lang='lat' dir='ltr'><strong>Ro</strong></span> 
     </span>
    </p>
   </div>
   <div class='ocr_carea' id='block_1_4' title="bbox 1304 4855 1361 4916">
    <p class='ocr_par' dir='ltr' id='par_1_4' title="bbox 1304 4855 1361 4916">
     <span class='ocr_line' id='line_1_52' title="bbox 1304 4855 1361 4916; baseline -0.053 0"><span class='ocrx_word' id='word_1_593' title='bbox 1304 4855 1361 4916; x_wconf 84' lang='grc'><strong>446</strong></span> 
     </span>
    </p>
   </div>
   <div class='ocr_carea' id='block_1_5' title="bbox 0 0 1808 5604">
    <p class='ocr_par' dir='ltr' id='par_1_5' title="bbox 0 0 1808 5604">
     <span class='ocr_line' id='line_1_53' title="bbox 0 0 1808 5604; baseline 0 0"><span class='ocrx_word' id='word_1_594' title='bbox 0 0 1808 5604; x_wconf 95' lang='lat' dir='ltr'><strong> </strong></span> 
     </span>
    </p>
   </div>
  </div>
 </body>
</html>
