3562 5582
217 123 278 183 280
878 121 1029 183 itudo

137 273 143 291 .
213 237 280 291 tum
294 223 523 292 Testamentum
535 231 790 307 vetus,exceptis
805 229 934 308 4444444-
989 230 1026 290 44
1051 231 1118 290 aliis
1138 231 1265 306 ovibus,
1287 249 1351 311 pag.
1374 233 1439 294 3444.
1462 232 1533 296 Vide
1553 249 1638 314 supra
1658 239 1684 297 iu

212 325 273 396 tis,
290 330 323 383 et
338 322 422 382 libris
436 321 681 402 sapientiallbus,
699 337 728 399 4.
743 321 813 383 224.
987 322 1142 387 ausone
1158 323 1194 386 ds
1211 323 1330 387 Folieto.

252 417 471 477 Anuotatioues
492 415 705 477 elucidatou'ae
721 415 932 494 allegoriarum
1025 419 1068 479 444
1081 418 1203 494 bestiis,
1226 435 1290 499 pag.
1313 419 1371 481 448
1392 419 1429 481 44
1449 419 1607 482 arboribus.
1623 439 1683 502 pag.

212 513 242 570 in
260 517 390 588 quatuor
410 510 594 588 Evangelia,
617 527 645 588 p.
666 508 737 569 283.
988 511 1046 574 450
1071 517 1102 570 44
1123 511 1188 572 aliis
1219 511 1324 588 rebus,
1344 530 1410 592 pag.
1432 511 1489 575 452
1509 512 1545 574 44
1565 513 1685 574 hominis

252 605 471 666 annotationes
501 602 648 664 litterales
675 605 704 663 in
731 604 932 682 Evangelium
986 605 1122 685 partibus
1143 621 1209 684 pag.
1232 605 1290 668 455
1311 613 1341 667 44
1362 605 1509 668 aetatibus
1539 623 1601 686 pag.
1623 609 1685 668 460.

210 699 376 775 iohannis,
395 715 461 777 pag.
479 698 538 759 336
555 704 586 757 44
602 699 797 776 quaestiones
816 699 845 758 io
863 699 933 778 Epi·
1005 701 1068 760 ·444
1090 700 1321 779 proprietatibus
1350 707 1381 760 et
1410 698 1548 779 epithetis
1572 717 1684 776 rerum,

211 795 304 855 stolas
321 793 352 853 S.
370 792 472 866 l‘auli,
493 775 651 870 pagfildl.
984 793 1089 854 ordine
1105 792 1309 872 alphabetico,
1326 810 1354 871 p.
1378 793 1444 854 464.

249 883 690 949 4444444444444444444444444
708 887 738 944 44
750 885 929 962 Dionysium
1023 887 1185 948 Sermones
1204 893 1327 947 rentum
1349 885 1386 947 de
1404 889 1494 948 variis
1509 889 1685 966 argumentis

207 983 439 1062 Areopagitam,
471 977 509 1039 de
535 979 657 1041 coelesti
692 977 881 1052 Hierarchia,
911 994 929 1038 a
984 997 1049 1060 pag.
1073 979 1140 1040 478.
1481 1015 1484 1020 ·

208 1073 357 1138 40444443
375 1074 461 1136 Scato
486 1075 589 1133 Latine
609 1087 734 1135 versum
753 1119 760 1148 ‚
777 1089 842 1152 pag.
861 1070 928 1132 473.
1024 1073 1129 1135 Sermo
1149 1073 1187 1134 de
1212 1074 1427 1153 assumptione
1448 1075 1478 1134 lt.
1509 1075 1631 1147 4444444,
1650 1073 1683 1135 44

209 1169 269 1234 587
287 1187 327 1230 ex
348 1167 420 1229 edit.
441 1167 497 1227 An.
523 1167 610 1228 4502.
984 1168 1132 1229 Canticos.
1154 1168 1201 1228 lV.
1223 1167 1242 1228 7
1263 1185 1292 1246 4.
1314 1168 1384 1231 632.

350 1259 482 1324 Secundi
499 1262 583 1321 Tomi
601 1259 675 1321 baec
693 1265 786 1322 sont:
1146 1262 1236 1324 Tertii
1251 1263 1335 1323 Tomi
1358 1263 1430 1324 liaeo
1447 1271 1536 1326 sunt:

248 1356 460 1419 institutiones
477 1355 508 1414 io
529 1353 730 1433 Decalogum,
747 1370 814 1432 pag.
833 1354 862 1414 4.
885 1353 929 1414 444
1024 1353 1233 1419 Dr’doscoir'con
1251 1356 1317 1417 libri
1334 1364 1465 1436 septem,
1476 1375 1506 1436 p.
1522 1359 1548 1417 4.
1565 1373 1683 1434 quorum

208 1451 425 1530 capitequartu
441 1446 510 1508 vids
524 1445 677 1508 Oudiuum
695 1452 715 1505 t.
730 1446 749 1506 2
763 1464 791 1526 p.
809 1447 898 1507 4465.
984 1450 1110 1512 ultimus
1131 1467 1197 1530 pag.
1220 1452 1252 1512 44
1284 1457 1331 1511 444
1352 1449 1389 1512 44
1417 1451 1512 1512 tribus
1543 1436 1686 1510 invisibili-

248 1543 404 1620 4444444444
421 1542 451 1600 44
469 1540 613 1620 llegulam
626 1540 656 1600 S.
669 1539 842 1618 Augustini,
857 1557 886 1618 p.
901 1541 930 1600 5.
984 1545 1042 1606 bus
1069 1545 1154 1617 DEI,
1175 1562 1213 1605 44
1240 1543 1311 1605 4444.
1343 1545 1435 1606 Paris.
1469 1543 1544 1606 4506
1570 1544 1595 1603 4.
1626 1545 1685 1602 sive
1778 1545 1779 1596 ζ

207 1635 320 1702 Prodiit
336 1637 441 1696 venet.
461 1635 533 1696 4564
557 1635 586 1694 4.
602 1634 687 1696 Comi
706 1634 785 1697 4605
803 1634 831 1692 8.
844 1635 927 1694 iiom.
984 1637 1133 1716 quomodo
1154 1654 1193 1698 ex
1210 1637 1371 1698 visibilium
1393 1636 1601 1716 cognitionead
1622 1633 1685 1714 eius
1778 1645 1779 1672 ³

211 1731 289 1793 4626
306 1737 364 1790 etc.
949 1735 953 1746 ’
985 1733 1173 1806 Potentiam,
1206 1731 1388 1809 Sapientiam
1419 1738 1450 1792 et
1479 1731 1685 1810 Benignitatem

187 1817 190 1824 ’
247 1825 499 1885 Delostitutione
516 1823 720 1894 novitiorum,
737 1837 806 1898 pag.
822 1819 870 1882 26.
985 1820 1206 1902 agnoscendam
1237 1826 1397 1902 pervenire
1418 1825 1512 1886 liceat.
1533 1825 1577 1884 Ex
1602 1820 1686 1899 huius

247 1917 437 1978 Declaustro
448 1917 566 1976 animae
577 1914 644 1974 libri
658 1913 704 1974 lv.
716 1927 785 1992 pag.
797 1911 845 1974 42.
856 1910 931 1973 Vide
986 1915 1169 1995 libri-capite
1196 1916 1234 1978 26
1256 1932 1322 1995 pag.
1345 1918 1493 1996 adpetita
1520 1921 1589 1976 sunt
1616 1929 1686 1993 quse

208 2027 300 2091 supra
318 2013 349 2071 iu
367 2007 525 2072 liUGONE
540 2004 715 2070 donauero.
985 2025 1023 2069 ex
1045 2010 1177 2088 lingonis
1194 2009 1259 2071 libri
1276 2008 1312 2070 de
1334 2007 1431 2072 trv'bvs
1447 2009 1549 2072 dicetis
1565 2011 1686 2068 citantur

249 2106 424 2181 bnamma,
445 2102 512 2181 ejus
537 2101 767 2177 allectionibus,
790 2101 931 2162 interiore
986 2105 1016 2161 in
1038 2103 1099 2164 vita
1132 2101 1285 2164 Lidwinae
1317 2110 1390 2164 tom.
1411 2102 1440 2164 2.
1464 2103 1527 2163 liet.
1560 2102 1684 2162 Sanctor.

209 2199 298 2259 domo
315 2205 347 2258 44
362 2199 514 2258 erectione
530 2196 569 2257 ad
585 2195 690 2258 DEillli
708 2195 775 2256 libri
791 2200 930 2272 quatuor,
985 2193 1077 2274 44444.
1109 2197 1148 2256 44
1181 2213 1247 2276 pag.
1280 2197 1339 2259 262
1360 2197 1388 2257 b.
1416 2196 1519 2274 reliqui
1549 2208 1618 2254 vem
1636 2207 1685 2252 sex
1778 2251 1779 2276 ,

209 2311 276 2374 pag.
295 2291 363 2353 432.
380 2291 424 2351 444
441 2290 489 2350 bis
510 2289 580 2350 vide
598 2291 622 2348 si
650 2289 750 2368 placet
776 2287 930 2348 Oudiuum
984 2289 1050 2352 libri
1080 2307 1150 2352 cum
1183 2290 1371 2352 vocabulario
1404 2288 1567 2350 Wenceslai
1596 2282 1683 2347 444444
1778 2285 1779 2370 4

210 2395 282 2448 tom.
299 2386 328 2448 2.
347 2401 412 2465 pag.
429 2385 518 2447 4455.
981 2384 1038 2446 An.
1061 2383 1139 2448 4483
1161 2385 1276 2464 pridem
1298 2383 1379 2462 editi,
1401 2381 1538 2444 ad'artes
1558 2377 1685 2440 liberales

250 2482 295 2542 De
312 2477 459 2540 medicina
477 2479 595 2540 animae
608 2520 615 2550 ,
630 2493 696 2556 pag.
712 2474 779 2538 422.
985 2479 1147 2558 pertinent.
1171 2479 1249 2539 libri
1271 2480 1358 2558 primi
1380 2475 1459 2555 quod
1479 2481 1525 2537 est
1544 2471 1579 2534 de
1596 2469 1684 2531 studio

253 2573 449 2652 Soliloquium
466 2571 504 2664 de
520 2570 609 2632 arrha
629 2571 767 2644 animae,
785 2586 852 2664 pag.
870 2569 929 2628 223
986 2569 1115 2650 4494444,
1148 2579 1239 2651 caput
1270 2572 1411 2634 ultimum
1436 2569 1473 2631 de
1503 2564 1684 2628 varietatibus

212 2667 251 2728 ad
268 2667 377 2728 4444444
396 2681 469 2727 suos
491 2665 522 2726 iu
550 2664 753 2725 liamersleve.
775 2661 845 2721 vide
869 2661 931 2724 Ou-
984 2667 1192 2745 ingeniorum,
1213 2659 1329 2745 primus
1356 2663 1448 2726 edidit
1468 2660 1683 2724 ldabilloniust.

214 2759 318 2821 diuum
333 2767 406 2820 tom.
424 2757 452 2820 2.
470 2776 535 2838 pag.
549 2758 638 2820 4443.
988 2761 1012 2819 4.
1035 2758 1169 2822 4444444.
1188 2773 1216 2840 p.
1233 2761 1291 2821 324
1309 2758 1456 2837 (editionis
1470 2771 1562 2818 novae
1574 2772 1600 2834 p.
1611 2752 1682 2824 4324

254 2856 297 2914 444
318 2852 407 2914 44444
426 2852 601 2926 charitatis,
618 2869 685 2930 pag.
704 2852 772 2912 233.
1025 2854 1156 2916 Libellus
1175 2855 1214 2915 de
1235 2859 1384 2932 potestate
1401 2857 1432 2913 et
1449 2850 1597 2911 voluntate
1616 2841 1685 2920 44444,

144 3016 149 3034 ἱ
253 2951 296 3010 444
318 2947 407 3008 modo
421 2945 524 3008 orandi
543 2962 608 3025 pag.
624 2945 694 3006 238.
987 2955 1053 3010 utra
1077 2945 1171 3025 major
1192 2949 1242 3020 444,
1262 2965 1293 3026 p.
1314 2946 1365 3008 55.

254 3043 297 3102 444
315 3041 415 3102 lruotu
432 3042 550 3114 caruis,
576 3045 607 3098 et
628 3039 753 3118 spiritus
774 3054 841 3116 pag.
863 3035 931 3097 248.
1025 3043 1068 3103 De
1079 3042 1265 3121 quadruplici
1273 3041 1427 3102 voluntate
1439 3035 1598 3110 4404444444,
1607 3031 1683 3112 466,

214 3153 284 3198 cum
305 3136 411 3196 arbore
428 3137 577 3194 virtutum
595 3140 626 3192 et
643 3133 799 3206 vitiorum,
817 3147 844 3208 4.
863 3130 932 3189 254.
963 3183 968 3192 .
1026 3137 1068 3198 De
1089 3138 1237 3216 sapientia
1258 3137 1376 3197 animae
1406 3133 1539 3205 Cliristi,
1560 3144 1620 3207 pag.
1640 3123 1683 3185 50.

254 3231 297 3290 444
312 3229 427 3306 nuptiis
443 3226 615 3288 carnalibus
631 3233 664 3286 et
679 3223 886 3303 spiritualibus
899 3223 934 3282 li·
986 3230 1143 3309 Protogum
1165 3247 1225 3310 quo
1245 3229 1295 3291 hio
1315 3229 1389 3290 iiiior
1421 3227 1555 3304 Magistro
1582 3216 1686 3282 (444444-

214 3324 259 3384 bri
282 3321 361 3399 duo,
384 3320 452 3383 256.
987 3323 1088 3386 TERO
1108 3322 1147 3384 de
1166 3324 1340 3386 Mauritania
1362 3317 1399 3382 ab
1420 3319 1544 3398 lingone
1563 3311 1684 3383 dicatur,

253 3417 296 3476 ne
319 3415 454 3476 vanitate
479 3411 584 3474 mundi
602 3419 633 3472 et
654 3427 755 3472 rerum
774 3419 935 3492 transeun·
987 3415 1081 3478 edidit
1104 3416 1243 3478 oudinus
1265 3423 1336 3476 tom.
1358 3415 1387 3488 2,
1406 3430 1432 3493 p.
1456 3411 1539 3474 4445.

213 3513 290 3571 lium
307 3508 635 3587 05441444444444404,
659 3521 725 3584 pag.
744 3507 812 3566 2⁶5·
1013 3511 1070 3570 444
1108 3513 1221 3572 unione
1258 3511 1390 3589 corporis
1421 3511 1452 3566 44
1484 3503 1625 3584 spiritus,
1652 3511 1686 3555 ex

253 3601 506 3665 De‘tdeditations
534 3598 673 3676 libellus,
689 3612 756 3677 pag.
774 3599 834 3657 284
863 3599 936 3658 44444
985 3602 1085 3684 primo
1105 3601 1364 3664 Miscellaneorum
1393 3597 1542 3679 4444444444,
1562 3607 1624 3672 pag.
1643 3587 1684 3648 63.

210 3694 386 3776 jungendus
406 3694 526 3755 libellus
540 3691 577 3754 de
594 3689 679 3751 modo
696 3689 815 3751 dicendi
830 3695 860 3750 et
877 3707 938 3751 444-
1030 3697 1073 3756 444
1095 3696 1179 3756 verbi
1199 3697 1264 3756 44444
1286 3695 1426 3770 efficacia,
1447 3711 1476 3772 p.
1493 3692 1539 3751 65.

214 3787 333 3851 ditandi
357 3805 448 3867 quem
475 3786 570 3848 edidit
596 3782 778 3847 Edmuudus
805 3785 941 3856 44444444Ι
1030 3788 1171 3869 Apologia
1191 3790 1228 3850 de
1248 3789 1345 3852 Verbo
1360 3786 1686 3861 incarnato,controe⁰s

213 3894 285 3945 tom.
297 3883 331 3944 V.
344 3881 514 3960 anecdotor.
530 3895 598 3958 pag.
609 3877 669 3938 887
683 3878 752 3937 890.
769 3877 938 3939 Praemisso
991 3885 1041 3961 qui
1063 3883 1169 3945 dicunt
1186 3883 1344 3946 Cliristum
1365 3897 1422 3941 non
1440 3895 1507 3941 essa
1523 3871 1627 3954 aliquid
1647 3886 1687 3930 se

213 3961 381 4042 0444444444
402 3975 538 4055 Epistola
565 3972 603 4034 de
631 3971 770 4050 lingonis
794 3971 936 4033 Victorini
990 3977 1125 4038 cundum
1148 3976 1226 4056 quod
1250 3977 1428 4050 esthemo,
1450 3991 1478 4053 p.
1500 3971 1546 4032 58.

89 4143 97 4154 ,
213 4075 297 4135 obitu
315 4089 344 4150 p.
368 4071 439 4132 883.
1029 4074 1072 4133 444
1093 4071 1190 4142 Verbo
1216 4074 1374 4134 incarnato
1399 4065 1611 4148 disputationes
1630 4056 1685 4118 sive

252 4166 348 4228 Areae
362 4166 441 4226 Noae
463 4164 593 4242 mystica
610 4159 772 4238 descriptio
789 4175 857 4239 pag.
867 4157 936 4231 286,
989 4166 1165 4227 conationes
1187 4173 1259 4240 ires,
1282 4185 1310 4246 p,
1333 4164 1381 4226 73,

253 4263 296 4320 444
313 4261 391 4320 Arca
407 4259 487 4320 Noae
501 4257 567 4318 libri
580 4261 719 4333 quatuor,
736 4269 860 4313 sensum
874 4267 936 4311 mo·
1028 4261 1070 4320 De
1088 4267 1232 4338 perpetua
1247 4259 1421 4338 virginitate
1442 4258 1474 4316 B.
1491 4252 1608 4322 Mai-iao,
1628 4259 1683 4324 pag.

215 4353 308 4413 talem
323 4353 544 4430 investigantes
560 4365 589 4427 p.
611 4347 681 4411 298.
934 4391 936 4394 -
990 4355 1037 4414 84.
1059 4353 1207 4414 Hsnrious
1224 4351 1441 4426 Gandavensis,
1462 4363 1525 4426 cap.
1545 4345 1591 4404 25.
1611 4335 1684 4399 deb

256 4445 493 4526 excerptionum
510 4441 653 4524 priorum
680 4440 746 4500 libri
769 4441 807 4501 X.
825 4437 862 4499 de
879 4441 937 4498 ori·
989 4447 1024 4507 id.
1045 4445 1206 4527 Respondit
1222 4443 1342 4506 cuidam
1359 4489 1367 4521 ,
1387 4445 1421 4503 lt.
1447 4437 1557 4518 Virgini
1581 4429 1685 4532 4444444

216 4541 285 4618 gine
302 4545 333 4598 et
348 4539 529 4600 discretione
554 4538 665 4598 artium
690 4550 757 4613 pag.
787 4533 846 4594 333
873 4534 935 4596 situ
989 4557 1058 4602 oum
1078 4537 1267 4618 derogatione
1284 4534 1459 4618 obloquenti,
1475 4527 1687 4595 stoctonam-

216 4635 365 4692 ter'rarum
386 4648 454 4710 pag.
476 4633 535 4694 345
553 4646 673 4694 summa
688 4629 886 4690 Historiarum
898 4628 935 4689 ab
991 4637 1014 4696 ti
1034 4632 1114 4716 quod
1135 4636 1223 4714 Virgo
1245 4634 1401 4710 virginum
1424 4629 1580 4692 4444444444.
1684 4711 1687 4717 Ι

216 4723 332 4786 444444
349 4739 446 4802 usque
463 4725 501 4786 ad
518 4743 573 4788 sua
595 4733 729 4804 tempora
744 4739 811 4803 pag.
825 4723 893 4786 394.
1032 4725 1291 4790 444444444444444
1312 4727 1337 4800 4)
1356 4721 1480 4786 secundi
1494 4715 1615 4784 codice,
1631 4709 1689 4772 ltbn

258 4820 299 4879 444
326 4817 424 4880 tribus
448 4818 616 4894 columbis,
645 4817 681 4878 ad
702 4818 863 4879 4444444444
878 4837 885 4875 :
902 4823 933 4877 et
1029 4833 1055 4895 o)
1071 4833 1287 4884 dissertatorem
1304 4837 1329 4884 ot
1345 4833 1536 4894 excerptionum
1560 4822 1631 4872 444444
1648 4819 1694 4864 oe
