3562 5582
682 55 975 122 sansonis
1537 56 1577 118 42

114 167 268 228 4444444444
296 166 440 228 64444444
465 167 576 246 sertpta
604 165 755 228 recensita
783 181 800 228 a
847 155 946 237 ,tertia
961 164 1009 224 die
1026 182 1044 224 4
1062 165 1132 242 tuga
1143 163 1267 224 loannis
1281 163 1389 224 XXlli.
1406 163 1445 224 id.
1460 169 1532 226 tam.
1546 166 1574 226 2.

84 257 221 320 4444444444
239 261 268 318 in
286 259 456 322 Monarchia
471 260 611 338 imperii,
628 265 675 319 ut:
855 276 921 338 pag.
940 260 1007 321 465.
1248 297 1255 314 .

116 349 598 414 mmcommnnanonnvetore
607 358 679 414 tam
692 352 720 428 t,
731 368 798 432 pag.
895 353 1001 416 Orotsa
1018 350 1225 432 propnnptico
1242 349 1298 412 Aa.
1321 352 1408 412 4445.
1428 357 1498 413 ante
1516 353 1576 413 lter

84 445 145 506 448
162 447 233 508 250.
316 459 319 462 ·
477 517 478 522 ¹
694 521 695 526 ἵ
853 446 1038 525 Sigismnndi
1071 447 1151 524 imp:
1178 447 1207 504 in
1239 445 1412 521 Hispaniam
1442 444 1481 504 id.
1510 462 1575 524 pag.

116 537 308 620 amnena
323 538 539 608 Ecclesiastico
554 545 582 601 44
592 537 706 618 ari'pine
713 538 810 620 juris
856 538 1006 602 tos-tsi.
1221 537 1227 550 '

82 649 113 694 oc
125 631 226 712 lupum
238 639 311 696 tam.
328 635 357 696 2.
374 635 420 712 (sl.
439 636 477 710 3.)
492 651 558 714 pag.
578 633 668 696 4384.
893 632 1123 708 Demonstrabo,
1144 633 1271 694 Petrum
1286 631 1322 693 dc
1338 634 1432 708 Luem,
1447 632 1511 694 sinc
1524 634 1580 694 lta-
1668 639 1670 642 ’

118 725 288 790 Concordia
302 728 383 806 qnod
401 727 556 807 plenitudo
570 729 730 807 potestatis
742 728 800 790 Ec·
854 725 1005 788 aedictum
1021 727 1103 788 XIII.
1131 743 1197 788 esse
1220 725 1404 788 haereseum
1419 733 1451 792 et
1471 725 1582 806 Populi

82 821 263 884 alesiastioae
281 821 321 882 sit
337 823 368 882 ia
397 837 518 882 summo
544 820 686 901 Pantifiae
716 827 748 884 et
769 823 798 880 in
853 818 996 900 dipsitotc
1010 817 1193 882 4444444444.
1212 819 1251 880 id.
1269 837 1335 898 pag.
1354 819 1504 882 566-587.

19 959 20 966 .
81 911 212 976 Ecclesia
234 931 300 992 pag.
320 916 409 976 4405.
894 914 937 974 Dc
946 912 1125 994 probatione
1142 912 1321 993 spirituum.
1340 913 1379 975 id.
1396 921 1419 974 t.
1437 917 1473 990 3,
1490 931 1517 993 p.
1530 913 1578 976 28.

115 1009 326 1087 Semnosuper
332 1005 577 1088 processionibus
584 1007 734 1090 faciendis
741 1026 801 1089 pro
854 1007 930 1070 adde
942 1026 1021 1086 qaae
1031 1010 1149 1072 notant
1157 1007 1299 1070 celeberr.
1314 1008 1416 1068 Hardt.
1424 1009 1579 1086 alphilt).

81 1100 177 1180 oiapm
196 1101 287 1179 Rapis
313 1104 516 1164 ltoamncmsm
541 1101 744 1180 (sigismundi)
760 1101 804 1164 nd
894 1100 1047 1163 loda'cium
1065 1101 1102 1164 cle
1116 1101 1330 1181 protestatione
1350 1101 1579 1187 etreaacotions

83 1195 202 1256 Petrum
211 1193 250 1256 eie
259 1195 562 1271 Lumtltenedictum
571 1197 660 1273 XIII.)
671 1213 699 1275 p.
713 1197 801 1258 4406.
857 1193 888 1254 ia
903 1195 1016 1274 nepotia
1027 1194 1117 1274 fidet,
1134 1191 1346 1258 ocl'elueadnm
1360 1193 1518 1257 1444444444
1529 1211 1580 1254 no·

117 1286 250 1352 Libellus
262 1287 299 1354 ae
310 1286 527 1369 auseribilitole
546 1291 649 1370 Papae
671 1307 699 1368 p.
713 1291 800 1352 4444.
857 1289 982 1350 tamid.
1002 1307 1067 1368 pag.
1083 1290 1132 1349 39.

117 1381 160 1444 De
177 1381 264 1444 niodo
280 1379 413 1444 habendi
427 1397 459 1444 sc
475 1371 607 1462 teaspore
623 1381 803 1446 schismatis
898 1382 1034 1464 Epistola
1044 1381 1087 1444 od
1102 1382 1182 1445 Vino.
1195 1383 1376 1445 Ferrarium
1388 1382 1459 1443 ord.
1477 1381 1581 1444 Prasd.

84 1493 146 1554 pag.
167 1477 257 1539 4424.
304 1509 307 1516 ·
719 1499 721 1507 ’
857 1484 959 1538 sectas
977 1478 1205 1556 Flagellantium
1234 1479 1472 1555 patrocinantem
1494 1474 1582 1536 hana
1628 1521 1629 1524 .

119 1569 313 1634 Dedissieliss
339 1575 369 1630 44
387 1567 602 1632 schismatibus
624 1571 803 1650 procusum
858 1571 947 1641 4447.
964 1571 1002 1631 id
1020 1578 1092 1631 tam.
1109 1572 1150 1645 ¹3,
1168 1587 1234 1649 pag.
1250 1571 1298 1631 05.

18 1681 20 1688 ’
84 1681 145 1743 pag.
163 1664 256 1727 4424.
863 1699 867 1706 .
895 1659 1049 1726 Iudicium
1071 1663 1109 1724 de
1133 1660 1321 1743 dopmatibns
1343 1663 1484 1724 Matthaei
1508 1663 1583 1723 Gra-

118 1757 161 1816 Da
177 1755 293 1818 44444444
318 1756 530 1826 Ecclesiastico
555 1775 621 1836 pag.
645 1759 732 1822 4426.
760 1759 803 1819 lla
856 1757 943 1818 bouis
958 1757 996 1818 id.
1014 1775 1080 1837 pag.
1099 1760 1167 1820 443.

83 1846 207 1910 statibus
221 1849 444 1914 Ecclastosticis
458 1869 524 1932 pag.
544 1853 632 1914 4434.
899 1849 1064 1936 Consilium
1077 1851 1114 1912 de
1125 1868 1221 1912 eausa
1230 1848 1429 1910 bohemorum
1438 1855 1468 1908 44
1477 1845 1585 1910 lucebi

118 1941 530 2008 bemodaoicemltomaium
538 1941 802 2024 44444444444438.
856 1943 893 2004 tle
908 1944 987 2006 ltiso
1007 1960 1099 2023 snper
1121 1943 1331 2005 Communiaoe
1356 1940 1413 2004 sub
1429 1945 1580 2020 unoque,

120 2040 225 2098 Sermo
242 2037 279 2098 de
303 2034 549 2100 tribulationum
568 2056 612 2100 aaa
636 2037 803 2120 (4444444444
856 2033 1194 2098 oberiuedisautieaclo.
1213 2046 1286 2098 tam.
1305 2037 1342 2112 3,
1361 2053 1428 2115 pag.
1447 2036 1514 2095 766.

18 2181 19 2184 ,
84 2127 362 2192 Ilmlesiostiaanan
375 2131 519 2210 rephaim
533 2149 599 2212 pag.
615 2133 704 2194 4444.
896 2131 940 2192 De
952 2136 1100 2210 potestate
1117 2130 1344 2192 Ecclesiastico.
1361 2137 1434 2190 tom.
1451 2129 1499 2190 Vl.
1516 2144 1584 2206 pag.

121 2226 193 2284 Taes
210 2227 372 2288 Tractatus
388 2224 424 2286 dc
441 2224 608 2288 Schisneate
628 2241 693 2304 pag.
713 2227 802 2288 4448.
858 2223 904 2286 78.
921 2225 1266 2299 Consideratiaaelel,
1285 2223 1584 2304 atiaGersaneliu·
1619 2279 1622 2286 .

87 2319 158 2380 4450
177 2319 267 2381 4454.
288 2316 425 2398 Trilopus
441 2332 507 2400 pag.
525 2320 614 2381 4494.
856 2319 930 2398 pinli
947 2325 1020 2378 tam.
1037 2320 1065 2380 2.
1084 2335 1152 2399 pag.
1169 2320 1238 2382 226.
1505 2332 1507 2340 ’

119 2416 224 2474 smnio
240 2428 346 2498 coram
361 2414 446 2494 Papo
459 2411 538 2491 sputi
560 2414 803 2491 Tamsaaaamp.
898 2413 1051 2474 Laudatus
1072 2416 1265 2476 Hermannns
1284 2411 1323 2474 ab
1339 2412 1434 2475 Hardt
1451 2413 1478 2489 a)
1496 2415 1583 2472 notat

88 2506 166 2568 4464.
198 2506 339 2578 Quatuar
366 2505 630 2580 conclamationes
661 2507 699 2568 da
728 2508 803 2568 Pane
857 2508 971 2585 primae
994 2505 1142 2584 editionis⁴
1159 2523 1287 2586 opernm
1307 2507 1471 2579 samonis,
1486 2497 1584 2565 tribas

88 2600 256 2678 paattto.
391 2623 393 2630 ·
492 2624 496 2632 ¹
796 2633 797 2638 κ
857 2599 1062 2661 voluminibus
1078 2599 1584 2677 canstantisethn.tt88valga·
1619 2591 1620 2594 ’

122 2691 273 2773 Epistulae
298 2693 380 2756 duae
403 2711 470 2774 pag.
500 2693 590 2755 4474.
616 2694 803 2773 totidemque
857 2700 1074 2771 tamquartam
1090 2694 1582 2772 vetativalumenhabitumquad

89 2787 240 2850 5444444444
254 2803 370 2850 coram·
384 2787 556 2850 Alexandra
572 2789 606 2849 V.
623 2805 692 2868 pag.
714 2786 802 2850 4375.
857 2793 928 2849 ante
948 2788 1180 2865 quadriennium
1197 2790 1296 2850 lacem
1311 2789 1428 2848 viderat
1445 2789 1584 2850 Coloniae

90 2887 118 2938 et
133 2881 293 2943 Benedicta
305 2882 388 2956 xlii.
406 2899 472 2960 pag.
490 2879 578 2944 4482.
787 2937 788 2941 ,
860 2881 939 2942 4484
958 2897 1012 2959 per
1028 2883 1176 2942 loannem
1189 2880 1362 2941 llaelhotde
1377 2879 1506 2955 Lubeck,
1516 2881 1586 2942 licet

128 2974 291 3053 Propositia
306 2988 410 3036 ceram
426 2973 561 3052 Anplicls
575 2991 641 3052 pag.
660 2975 746 3038 4488.
861 2974 943 3035 anila
971 2975 1117 3036 Gaisonis
1141 2975 1334 3054 complexam
1366 2976 1502 3054 scripta,
1530 2972 1584 3035 sed

18 3113 19 3118 .
126 3065 305 3147 Disceptatio
335 3066 533 3130 ammento
560 3073 591 3128 et
606 3069 805 3147 proprietatis
861 3067 990 3128 aliorum
1009 3070 1143 3129 vimram
1168 3067 1324 3128 doctorum
1341 3070 1394 3146 qui
1410 3070 1490 3128 circa
1504 3067 1585 3128 idem

94 3177 151 3238 pag.
166 3161 253 3224 4507.
861 3167 983 3243 tempus
1000 3161 1038 3224 de
1054 3161 1203 3221 similibus
1217 3163 1405 3240 argumentis
1422 3163 1584 3239 scripsere,

38 3277 46 3296 ·
126 3255 230 3316 &roto
244 3253 350 3335 aipt‘lso
364 3255 537 3318 nonnam
549 3253 727 3316 Polmorum
738 3271 804 3335 pag.
860 3253 1178 3330 Hearicichossio,
1201 3252 1374 3314 Henrictde
1394 3253 1496 3327 Haila,
1526 3252 1587 3316 Wi-

97 3349 173 3409 4540.
860 3345 963 3408 lhelmi
978 3347 1090 3424 04444,
1116 3347 1264 3408 Iohannis
1281 3349 1347 3409 44444
1364 3354 1396 3408 44
1415 3341 1590 3408 Thmdanci

127 3440 171 3504 hrt
186 3442 276 3504 444444
286 3461 313 3504 o
327 3446 413 3522 Papo
426 3441 581 3526 appelare
597 3461 664 3524 pag.
680 3447 768 3507 4545.
863 3441 941 3502 brac.
959 3443 1062 3522 Neque
1078 3443 1187 3503 haram
1202 3443 1383 3521 scriptarum
1400 3443 1475 3503 ratio
1487 3439 1587 3502 habita

105 3541 109 3548 '
128 3533 230 3598 libelli
240 3536 302 3598 duo
316 3541 422 3598 contra
438 3539 562 3600 Petrum
578 3535 614 3597 da
638 3538 725 3598 Luna
738 3555 805 3618 pag.
861 3537 893 3596 in
904 3545 1011 3614 quarta
1022 3543 1104 3598 tama
1122 3538 1187 3598 sive
1204 3537 1370 3616 appendice
1386 3553 1479 3615 qnam
1492 3533 1588 3596 Wim·

95 3629 171 3690 4548.
189 3631 278 3693 aaut.
296 3633 450 3692 Hactenus
465 3629 545 3709 apud
563 3629 753 3692 Galdastnm.
861 3630 1033 3711 phelingius
1049 3628 1200 3708 adjunxit.

130 3721 171 3783 lle
185 3723 322 3786 sononia
337 3721 484 3784 4444444444
507 3721 699 3784 emendatius
714 3730 747 3783 et
763 3725 809 3783 in·
902 3725 1004 3788 'tribui
1024 3726 1117 3784 etiam
1144 3725 1243 3786 solent
1263 3741 1280 3788 a
1302 3725 1455 3787 nonnuliis
1481 3726 1588 3785 loanni

95 3819 200 3896 tagrias
214 3817 310 3880 edidit
327 3821 518 3880 sermaanns
531 3817 569 3878 ab
582 3815 676 3878 Hardt
689 3822 762 3877 tom.
781 3820 808 3878 4.
862 3820 1008 3895 Gereoni,
1025 3818 1170 3896 praeclari
1195 3819 1260 3879 iibri
1288 3827 1420 3897 quatuor
1436 3817 1473 3878 de
1489 3817 1589 3878 imito-

94 3908 230 3974 h'ssoriae
247 3911 371 3974 Consilii
388 3911 631 3974 constantiensis
655 3914 741 3989 parto
762 3911 811 3971 rt.
865 3913 941 3974 tabae
958 3910 1086 3987 Christi,
1105 3917 1141 3973 nt
1156 3914 1186 3972 in
1204 3911 1313 3974 Codice
1330 3913 1390 3974 MS.
1412 3916 1535 3972 exarato
1552 3909 1587 3968 Α.

110 4003 255 4067 Demadis
265 4003 437 4065 4444444444
448 4001 639 4084 reformandi
643 4000 810 4065 amasam
864 4007 951 4069 4466.
967 4007 1143 4075 Florentiae,
1155 4003 1193 4065 de
1207 4022 1267 4083 quo
1277 4005 1493 4065 celeberrimus
1507 4003 1589 4061 Mon·

95 4096 268 4160 4404444444
294 4096 481 4174 Universoli,
499 4097 538 4158 ad
568 4099 689 4159 Petrum
704 4097 743 4158 de
759 4097 811 4159 44·
864 4102 1024 4162 ttaueonus
1040 4115 1106 4182 pag.
1122 4095 1190 4160 378.
1205 4098 1294 4158 Diarii
1310 4097 1423 4172 Italici,
1439 4101 1470 4155 et
1482 4096 1510 4154 ia
1526 4091 1589 4154 edi-

95 4191 346 4272 linco‚scriptnm
374 4193 431 4253 444.
458 4193 546 4253 4440.
570 4189 639 4265 ibid.
669 4197 755 4270 parta
775 4192 809 4251 V.
864 4194 996 4256 tiaaibus
1013 4193 1147 4272 antiquis
1165 4193 1230 4252 sine
1247 4191 1309 4252 ioca
1326 4196 1358 4250 et
1381 4206 1480 4264 anna,
1498 4193 1590 4266 atque
1700 4257 1704 4266 Ι

18 4311 19 4320 ¹
95 4301 160 4348 cam
193 4286 306 4348 laudati
340 4286 455 4349 llardtii
488 4287 741 4348 commentatiane
766 4283 811 4358 {de
864 4285 1135 4352 Mediolanensibus
1150 4287 1238 4350 4488.
1262 4286 1366 4346 Venet.
1395 4284 1483 4344 4488.
1501 4284 1589 4344 4504.

96 4381 312 4443 emendationis
338 4381 566 4443 Ecclesiastiaae
593 4379 767 4458 disciplinae
794 4395 812 4440 a
867 4383 956 4444 4548.
972 4380 1191 4441 Parisiensibus
1209 4380 1288 4442 4480
1307 4379 1380 4440 4494
1403 4379 1481 4439 4500
1501 4379 1589 4438 4543.

18 4515 19 4520 1
97 4471 226 4536 Gersone
241 4471 431 4536 desIderatae
447 4476 522 4535 satis
539 4473 738 4533 inGermania
755 4472 813 4534 snb
867 4477 955 4538 4545.
974 4480 1031 4534 etc.
1051 4489 1106 4532 nec
1124 4487 1182 4532 noa
1196 4473 1234 4534 ab
1246 4474 1460 4552 Interpretibus
1470 4459 1591 4534 414444-

18 4617 19 4620 ,
100 4566 307 4646 sigismundo,
322 4567 463 4642 Alberta,
477 4566 626 4630 Friderica
644 4565 693 4627 444.
709 4572 740 4626 et
754 4567 813 4629 bla-
867 4570 939 4628 tiais
949 4568 1000 4646 qui
1012 4567 1042 4626 in
1054 4565 1187 4644 linguam
1206 4569 1383 4628 Hetruseam
1397 4565 1590 4642 transtulere,

18 4705 19 4708 .
102 4663 248 4724 similiana
265 4661 508 4742 imperatoribus.
600 4721 603 4732 ,
869 4661 1019 4723 Antonius
1045 4659 1083 4718 de
1109 4659 1228 4737 Filicaja
1254 4661 1428 4726 444540.
1445 4661 1513 4738 4424
1539 4661 1591 4737 qni
1632 4715 1634 4718 .

142 4753 366 4818 0444444404
382 4752 559 4820 incensitis
577 4751 814 4856 commulceat,
883 4766 938 4826 m
953 4763 1035 4817 nau.
1052 4763 1084 4815 44
1099 4767 1161 4818 tan.
1183 4765 1268 4829 ise.
1382 4813 1386 4818 .

1329 4873 1365 4930 86
