3596 5610
136 91 138 100 '
241 107 300 170 sm
861 99 1121 184 rennues

239 220 271 274 et
286 207 482 272 obstrictioris
505 203 708 266 accurationis
726 205 826 282 regale
847 205 966 268 deside-
1020 213 1134 270 stratas
1149 203 1713 286 nonindiligenterregioueshsisediri·
1782 187 1783 204 ³

239 307 318 366 rium
333 310 365 362 et
379 297 525 362 somniale
538 295 751 360 dilucidarium
764 297 892 360 feliciter
906 305 966 360 ter·
1019 315 1133 378 eaeque
1145 304 1278 378 „captus
1293 315 1312 359 5
1329 297 1432 376 piratis
1446 297 1482 358 ad
1499 299 1621 360 insulam
1637 301 1712 363 Loto·

240 397 440 466 minavimus,
462 406 522 469 quo
539 391 619 452 circa
634 391 785 469 regalibus
800 394 964 470 ,praeventi
1021 393 1173 474 phagitem
1186 394 1252 454 sive
1265 391 1358 466 Zerhi,
1373 391 1589 472 perductusque
1604 393 1712 454 44554554
1782 389 1783 414 ³

239 489 388 571 precibus,
422 485 606 564 praemuniti
632 485 797 559 mandatis,
827 493 962 548 vestram
1021 494 1053 548 st
1073 485 1152 547 dono
1172 484 1263 546 datus
1285 484 1341 546 luit
1358 485 1446 546 Leoni
1463 487 1500 546 44.
1521 485 1645 547 renudet
1660 503 1714 548 ma·
1782 527 1783 538 r

238 597 379 661 rogamus
410 577 647 659 providentiam,
663 580 847 656 requirimus
868 579 966 659 probi·
1020 581 1189 658 ximozqui
1207 577 1339 640 hiricam
1356 577 1394 640 ab
1409 594 1444 638 eo
1457 577 1626 658 descriptam
1643 593 1713 642 oom-
1782 615 1783 618 =

236 682 341 751 tatem,
358 690 465 753 preces
493 675 672 752 praeceptis,
693 680 854 751 praecepta
874 675 966 736 minis
1022 677 1162 755 periens,
1178 672 1303 734 charum
1321 671 1425 733 habuit
1440 673 1633 750 pensioneque
1644 672 1709 733 dila·

241 767 384 846 regaliter
399 767 584 840 roborantes,
603 772 759 844 quatenus
774 767 804 825 in
823 765 922 826 zelum
938 781 969 826 a·
1024 767 1091 842 vit,
1108 771 1139 828 et
1158 762 1368 828 lluhumedem
1388 761 1514 840 ejurauti
1534 765 1562 824 45
1581 763 1711 842 baptismo
1782 823 1783 836 ,

238 860 498 937 maritudinis,qui
515 859 654 937 spiritum
666 859 879 938 concupiscitis
890 875 971 919 moe·
1024 859 1167 937 imposuit
1187 873 1295 918 nomen
1317 857 1441 918 4555545
1463 855 1571 916 Leonis
1600 855 1711 916 sedhic
1782 845 1783 856 ’

237 955 323 1028 45545,
341 969 434 1031 super
448 952 624 1012 curiositate
642 953 730 1031 regis,
748 953 863 1013 incuria
888 953 967 1028 regi-
1023 959 1092 1032 post
1109 951 1260 1014 Pontificis
1276 955 1401 1012 mortem
1416 949 1443 1024 5)
1457 947 1560 1009 554555
1578 949 1661 1010 445545
1672 963 1711 1008 45-
1737 933 1744 947 ’

238 1047 330 1107 minis
351 1089 359 1104 .
378 1090 384 1103 .
410 1089 417 1103 .
440 1089 447 1103 .
471 1087 478 1116 ,
499 1045 669 1122 gravimiue
693 1044 825 1121 regionis
845 1044 968 1122 regiae,
1024 1045 1094 1105 lieta
1114 1043 1266 1104 Tunetum
1282 1057 1315 1103 se
1332 1041 1477 1116 contulit,
1497 1046 1529 1101 et
1547 1039 1709 1104 catholicam

237 1135 467 1217 rege-deinceps
486 1135 637 1213 vigilante,
655 1135 966 1214 supercustodiasua
1025 1137 1115 1198 iidem
1132 1151 1202 1198 cum
1220 1137 1331 1197 Punica
1346 1134 1550 1206 commuteris,
1567 1138 1599 1194 nl
1612 1148 1710 1194 merno-

237 1237 349 1303 stante,
365 1228 566 1308 negligentiae
580 1233 699 1288 noctem
718 1227 908 1306 praecedere,
922 1228 966 1289 di·
1021 1232 1083 1291 riae
1098 1229 1251 1309 proditum
1266 1244 1283 1290 5
1300 1229 1344 1288 45.
1359 1224 1478 1288 hlberto
1492 1224 1708 1286 Widmanstsdio

241 1323 385 1403 ligentiac
407 1321 487 1382 diem
506 1320 650 1382 accedere
665 1329 888 1399 praesumente,
901 1337 968 1382 mu·
1022 1322 1114 1404 prael.
1135 1322 1172 1384 ad
1192 1323 1310 1384 Novum
1327 1323 1409 1382 'lest
1424 1317 1594 1398 Syriacum,
1609 1317 1710 1380 editum

239 1422 303 1478 4545
326 1407 437 1476 causs'a
465 1413 592 1474 mutetis
616 1411 769 1489 ellectum,
793 1413 968 1476 abiicientes
1022 1418 1156 1479 Viennae
1171 1416 1314 1478 bustriae
1332 1414 1418 1476 4555.
1434 1413 1464 1473 5.

239 1523 332 1587 opera
358 1506 563 1583 tenebrarum,
592 1505 713 1584 indigna
742 1507 856 1584 putetis
882 1509 966 1586 inpa—
1062 1508 1234 1571 JOANNES
1263 1507 1320 1568 4544
1352 1507 1526 1568 Mutinensis
1545 1507 1628 1566 Poeta
1655 1504 1711 1564 sire

238 1601 376 1661 tientiam
394 1604 426 1659 et
441 1599 615 1674 clamorem,
630 1597 792 1660 induentes
813 1615 896 1660 arma
919 1599 965 1661 lu·
1024 1603 1185 1674 Poetinus,
1206 1600 1373 1680 discipulus
1393 1599 1512 1660 Guarini
1533 1604 1563 1660 et
1577 1595 1713 1676 44495555

239 1693 293 1768 545,
320 1691 357 1753 55
385 1691 625 1770 gratulationem,
657 1691 777 1752 leudem
798 1691 964 1768 jucundam
1021 1713 1081 1774 quo
1103 1693 1256 1773 Gyraldus
1286 1693 1333 1753 4444.
1364 1695 1392 1753 4.
1422 1690 1459 1752 55
1482 1691 1584 1770 -poetis
1604 1703 1712 1750 socrum

239 1785 351 1862 pariter
367 1790 399 1844 et
415 1783 565 1844 decoram.
581 1785 667 1846 Sicut
683 1785 765 1844 enim
783 1785 964 1847 exhibuistis
1020 1795 1213 1868 temporum,
1232 1783 1359 1848 laudans
1375 1782 1442 1860 ejus
1457 1781 1713 1861 elegiaeepigrrrn·

241 1877 316 1937 labia
335 1883 437 1937 vestra
455 1877 572 1937 servire
596 1878 801 1955 impatientiae
830 1877 868 1938 ad
891 1878 965 1939 inla·
1022 1872 1711 1955 matn,etlibmstresl‘srseidos,versuheroico.

238 1970 380 2043 ctionem,
407 1971 451 2028 sic
477 1969 620 2029 exhibere
641 1976 769 2048 oportet,
794 1977 826 2032 et
847 1972 962 2031 servire
1057 1971 1226 2034 tutunus
1252 1968 1454 2042 Laodicensis,
1487 1982 1573 2046 supra
1599 1965 1712 2024 44445544

237 2062 465 2122 benevolentiae
482 2061 519 2122 ad
538 2062 662 2140 gloriam
677 2068 709 2122 et
722 2062 866 2123 honorem
879 2081 888 2139 3
899 2061 962 2140 jam
1018 2063 1196 2128 Horrsernr'rsr
1208 2070 1242 2124 et
1257 2063 1334 2124 inira
1351 2063 1478 2121 1555554
1492 2055 1642 2120 4555544544.

113 2161 116 2167 ’
236 2157 317 2215 eninr
333 2154 443 2232 hyems
460 2155 664 2230 adversitatis,
681 2156 778 2216 imber
797 2156 963 2236 lugubrita-
1058 2155 1231 2219 toenites
1262 2153 1417 2234 dirigatus,
1441 2169 1481 2212 ex
1505 2149 1629 2228 Ludgnte
1656 2147 1712 2206 sire

238 2249 277 2308 445
293 2247 375 2322 544444,
391 2253 497 2308 555455
512 2249 731 2326 prosperitatis,
754 2251 903 2310 serenitas
914 2247 963 2327 ju·
1020 2250 1152 2331 Lydgete
1177 2250 1265 2328 opido
1292 2249 1459 2312 Comitatus
1475 2242 1666 2306 Suliolciensis
1685 2240 1711 2296 in

233 2339 399 2401 canditatio
425 2339 558 2415 advenit,
590 2347 625 2402 ut
652 2341 702 2401 ubi
719 2341 886 2402 abundavit
908 2343 962 2402 ini·
1017 2345 1135 2424 Anglin,
1149 2343 1314 2407 Monachus
1328 2341 1480 2406 buriensis
1496 2336 1531 2400 55
1548 2336 1578 2397 8.
1593 2332 1713 2396 4455455-
1782 2319 1783 2346 ’

237 2433 339 2511 quites
354 2431 490 2493 abundet
503 2435 608 2509 gratia,
624 2433 673 2494 ubi
690 2433 829 2512 regnavit
839 2435 963 2496 tristitia
1017 2438 1112 2514 dum,
1131 2454 1191 2498 non
1208 2435 1450 2514 Augustinianns
1464 2430 1516 2492 sed
1533 2426 1600 2491 ord.
1616 2421 1713 2486 Bend-

236 2527 397 2604 imperavit
414 2525 546 2598 infamia,
562 2525 792 2588 concelebretur
814 2528 960 2589 solemnis
1017 2532 1096 2592 54455
1112 2529 1147 2592 Α.
1167 2529 1256 2592 lito.
1286 2527 1324 2588 ds
1349 2541 1409 2606 quo
1436 2523 1542 2587 854555
1557 2520 1627 2582 lllll.
1646 2516 1672 2577 4.
1685 2523 1713 2575 et
1782 2511 1783 2566 l

238 2617 381 2696 goudium
399 2623 430 2678 et
445 2618 568 2692 laetitia,
585 2619 749 2696 gratiarum
768 2621 846 2680 actio
857 2626 889 2680 et
903 2633 963 2681 vox
1019 2625 1141 2684 Pisaeus
1158 2639 1225 2702 pag.
1244 2619 1312 2684 885.
1329 2619 1447 2680 44155455
1473 2617 1502 2676 45
1522 2611 1713 2675 5555555455
1781 2641 1783 2666 ‹

240 2709 347 2770 leudis.
1020 2715 1244 2795 Augustiniano
1259 2729 1325 2794 pag.
1340 2713 1407 2774 885.
1424 2703 1714 2772 Posseoslloruitlsn·

1018 2809 1073 2883 de,
1091 2810 1234 2886 variaque
1251 2823 1289 2868 er
1314 2805 1416 2866 4454455
1443 2808 1474 2864 54
1497 2799 1603 2862 Gallica
1618 2797 1709 2874 lingua

273 2895 414 2978 Explicit
432 2895 548 2958 4455545
569 2897 724 2960 Somnum
749 2896 926 2959 Pharaonis.
1020 2905 1049 2962 in
1065 2901 1222 2981 huglicam
1248 2897 1423 2972 transtulit,
1439 2902 1521 2957 etex
1538 2894 1633 2954 454455
1648 2904 1714 2968 quo-

1017 3011 1087 3072 que,
1105 2999 1139 3054 ut
1151 2991 1266 3054 Boethii
1283 2990 1375 3052 libros
1392 2989 1430 3050 de
1445 2986 1642 3052 occansione
1654 2980 1711 3060 pbi-

280 3081 450 3144 rosellus
478 3081 536 3142 Leo
563 3083 740 3160 Romanus,
761 3083 832 3145 Ord.
859 3084 962 3146 Praed.
1018 3085 1192 3166 losopbias,
1208 3083 1351 3162 Martyria
1365 3082 1418 3144 SS.
1434 3080 1539 3143 hibeni
1555 3083 1585 3140 et
1604 3072 1716 3153 Amphi-

239 3184 271 3239 et
291 3177 459 3256 Episcopus
487 3177 724 3239 Beneventanus
755 3177 793 3238 ab
814 3177 847 3239 Α.
871 3179 960 3240 45544.
1016 3179 1095 3256 boll,
1112 3185 1146 3241 et
1161 3177 1308 3240 nonnulla
1323 3177 1446 3238 loannis
1462 3171 1585 3235 Boccetii
1605 3168 1712 3244 scripta

240 3270 277 3330 nd
295 3270 384 3332 4588.
403 3265 500 3346 llujus
517 3269 664 3347 opusldS.
676 3269 713 3330 de
726 3270 821 3350 955445
839 3271 966 3334 concilii
1017 3271 1076 3337 Sed
1093 3274 1245 3336 54454455
1263 3271 1350 3350 plura
1366 3273 1431 3348 ipse
1445 3265 1623 3344 composuit,
1639 3267 1670 3320 ul
1681 3257 1713 3318 ds

240 3359 423 3422 Bcsrlsensr's
445 3359 549 3421 laudat
579 3361 735 3440 cangius:
756 3362 835 3424 aliud
858 3363 894 3426 ds
912 3381 963 3444 95-
1016 3363 1137 3448 955545
1149 3363 1318 3426 amionem:
1333 3359 1546 3438 Vitnmllegum
1557 3357 1586 3418 8.
1597 3352 1713 3416 Eam
1780 3397 1781 3412 r

239 3455 294 3516 stis
316 3451 443 3516 Consilii
458 3453 671 3517 Ferrariensis
688 3461 718 3515 el
733 3454 901 3518 Florenlr'nr‘
914 3459 963 3520 45-
1017 3459 1057 3535 di,
1076 3457 1254 3534 Ethelstnrsr',
1270 3451 1444 3526 4455545554.
1461 3449 1652 3530 Ρ404444444444
1665 3461 1712 3502 ’44

213 3543 333 3608 ’554455
366 3547 468 3618 055444
491 3555 562 3607 4554.
587 3551 598 3608 4
625 3565 693 3626 pag.
715 3548 784 3610 795.
819 3557 851 3610 54
881 3551 961 3614 54455
1016 3548 1392 3628 summersi-lonensem
1414 3539 1634 3617 nummos
1653 3535 1713 3598 ΡΜ

239 3639 370 3701 divisum
393 3639 421 3695 in
445 3646 562 3716 septem
584 3639 696 3716 libros,
718 3639 755 3702 55
781 3642 909 3722 synodis
934 3653 965 3708 54
988 3703 990 3708 ,
1017 3645 1207 3728 4545545555
1233 3642 1381 3717 senatis,
1398 3641 1440 3700 445
1466 3652 1534 3718 5595
1556 3629 1713 3695 Annesel

240 3728 392 3792 Ecclesiae
405 3735 551 3808 potestate
565 3739 640 3794 tom.
662 3734 681 3795 2
703 3751 770 3814 pag.
792 3737 861 3798 848.
1017 3755 1123 3802 545555
1139 3739 1205 3820 eius
1223 3735 1362 3798 rotundo.
1382 3735 1458 3794 Actu
1476 3725 1613 3790 deleme
1638 3722 1713 3786 War-

277 3824 448 3886 lOllllllES
469 3825 527 3885 Leo
548 3827 646 3904 alter,
668 3829 874 3892 Eliberitanus
890 3830 972 3896 Gra-.
1016 3831 1166 3894 5444455544.
1181 3835 1224 3893 445
1241 3829 1374 3892 44545555
1398 3832 1428 3886 54
1448 3817 1630 3887 comodo:
1648 3818 1712 3877 Pla

240 3919 395 3992 55455545,
414 3932 473 3976 555
492 3917 615 3994 quidem
635 3921 741 3982 Latino
758 3924 889 4002 scripsit,
908 3925 962 3986 sed
1017 3923 1134 4002 verbis,
1151 3927 1360 3986 testamentum
1373 3927 1403 3980 54
1413 3918 1470 3980 5445
1486 3929 1561 3995 quoe
1574 3911 1644 3993 apud
1658 3911 1710 3970 lan-

239 4011 369 4072 Arabice
389 4010 542 4088 primum,
564 4011 674 4074 deinde
692 4015 793 4078 4454455
813 4017 964 4086 celebrem
1018 4017 1106 4080 55455
1122 4021 1286 4096 scriptores
1300 4015 1482 4076 referuntur.

239 4105 322 4166 illam
344 4101 572 4184 descnprionem
592 4103 718 4186 44454555
734 4113 904 4189 composuit
920 4111 964 4171 di·
1055 4110 1244 4184 tonnllltS,
1261 4125 1278 4170 5
1296 4109 1427 4186 Ligneno
1439 4105 1504 4164 vico
1520 4101 1579 4180 egri
1591 4094 1711 4160 44554444-

237 4205 355 4278 gestam
374 4197 459 4258 libris
478 4214 588 4261 norem
604 4221 611 4260 :
628 4208 708 4279 quae¹
723 4218 795 4264 5554
812 4203 901 4282 digna
923 4203 965 4265 le-
1019 4205 1142 4276 nensis,
1161 4201 1323 4281 44955555,
1344 4199 1439 4262 444455
1453 4192 1646 4262 Bononiensis,
1659 4202 1710 4246 5444

98 4279 106 4292 “
237 4299 288 4352 545
309 4295 411 4352 exstet
431 4307 469 4351 ex
492 4291 583 4354 letina
601 4296 742 4354 versione
756 4295 882 4356 loannis
899 4294 964 4355 Flo·
1017 4295 1176 4376 imperitus
1197 4293 1414 4373 Philosophiae,
1429 4287 1566 4365 idemque
1582 4280 1709 4346 Pontifici

238 4383 312 4444 riani
333 4383 414 4444 edita
435 4385 568 4462 primum
590 4385 749 4465 hntwerp.
774 4387 862 4448 4556.
878 4387 908 4446 8.
922 4388 965 4448 45-
1013 4389 1092 4469 jurls
1108 4387 1356 4451 consultissimus
1372 4384 1451 4446 diem
1478 4381 1547 4444 obiit
1573 4377 1605 4440 h.
1633 4373 1708 4437 4883.

237 4491 307 4536 cum
337 4478 364 4536 ei
390 4477 446 4538 boe
463 4477 528 4539 loco
544 4477 617 4540 dare
638 4479 729 4539 volui.
751 4479 819 4558 lpse
839 4478 961 4557 quidem
1016 4484 1152 4546 44555454
1166 4481 1286 4544 Gbillno
1303 4478 1432 4541 traditur
1448 4483 1518 4536 tom.
1535 4473 1554 4534 5
1571 4487 1631 4550 pag·
1646 4465 1707 4528 459-

237 4569 332 4644 patria
350 4584 405 4645 per
418 4569 643 4637 Ferdinandum
662 4570 852 4634 catholicum
866 4589 964 4652 espu·
1017 4577 1120 4638 verius
1140 4591 1234 4654 quam
1261 4573 1348 4636 4358.
1366 4569 1446 4650 quod
1473 4569 1578 4646 legitur
1602 4566 1629 4622 in
1651 4557 1710 4638 ejus

239 4665 329 4736 gnata
351 4661 381 4718 in
402 4663 573 4726 barbariam
594 4666 759 4745 profugus,
781 4668 892 4728 Fessus
913 4667 963 4728 lit·
1113 4741 1118 4750 ⁸

239 4751 313 4810 teris
333 4749 469 4814 Arabicis
491 4755 573 4818 dedit
603 4774 748 4838 operam,
769 4765 801 4822 et
827 4767 896 4842 post
916 4761 963 4822 lu·
1055 4774 1083 4838 s)
1102 4776 1171 4827 55444
1186 4779 1235 4826 teo
1252 4776 1281 4825 x.
1299 4779 1327 4824 44.
1345 4769 1415 4822 lost.
1430 4767 1452 4818 4.
1470 4763 1592 4818 owenh.
