3596 5610
242 125 301 188 322
483 185 487 192 ,
848 121 1129 186 {abactam

240 234 321 310 glum
340 231 377 292 ad
397 231 452 292 dn.
475 233 542 293 692
565 249 594 291 n.
615 233 663 292 23.
682 249 746 311 seq.
765 240 796 293 ot
813 234 956 294 Bzovium
1013 235 1125 292 tionem
1135 229 1260 310 protulit
1268 231 1346 292 idem
1356 233 1715 316 hoschmannusnperebi

240 323 276 386 da
298 324 333 385 l.
357 323 443 387 4398,
466 343 494 384 n.
517 326 569 385 Xl.
592 325 642 385 uhi
662 333 694 384 et
708 326 746 386 de
769 325 885 406 legibus
902 329 959 388 Eo·
1014 326 1125 405 partito
1142 325 1172 384 in
1191 323 1622 392 444444401444444.4764.
1641 333 1714 392 Gon-

239 419 416 479 clesiasticis
436 419 562 479 aliorum
582 419 698 498 Regum
720 419 815 498 Angla
834 421 966 480 Saroni*
1012 425 1142 480 travena
1157 434 1209 496 pro
1226 419 1393 484 Tartarotta
1409 425 1489 480 stare
1505 423 1587 484 visus
1601 431 1647 484 est
1666 441 1714 486 au·

240 528 354 573 corum.
366 513 409 573 De
421 511 562 574 Consiliis
577 511 635 572 suh
652 513 706 573 lna
717 511 837 588 habitis,
854 514 958 576 itidem
1012 513 1081 573 thor
1097 513 1243 573 Historiae
1258 513 1327 574 Litt.
1345 513 1463 574 italicae
1479 517 1528 576 lll.
1545 517 1610 576 404.

240 605 461 684 Speelmannus
475 611 548 666 tom.
566 607 594 666 4.
610 623 677 686 pag.
695 607 763 666 208.
783 607 851 668 248.
869 607 939 669 249.
1047 603 1288 668 incohantes
1304 607 1369 666 sive
1380 603 1573 685 logothetae,
1586 606 1715 688 lagober-

280 700 410 760 Jocuues
427 700 463 759 de
473 697 671 774 lNlthlNEf
685 699 760 760 inira
776 699 959 762 1044114418.
1012 698 1107 774 chaus,
1122 699 1221 760 caroli
1240 700 1276 758 ll.
1294 697 1397 760 Scriba
1408 691 1448 760 de
1461 717 1520 779 quo
1534 701 1659 782 cangius
1666 703 1712 781 jn·

277 791 447 871 Stephanus
463 791 685 866 INFESSUllA,
708 793 841 854 8444444
862 794 958 871 Popu-
1011 795 1064 854 het
1080 792 1238 853 consulere
1266 793 1399 854 Nicolam
1423 793 1619 858 Alamannam
1644 796 1712 858 libre

238 887 320 964 lique
340 887 465 948 Romani
487 886 599 962 Scriba,
634 885 764 953 iliorum
792 883 883 948 Urbis
904 889 960 947 llo·
1011 887 1095 947 nom.
1117 885 1205 948 4628.
1227 887 1255 946 4.
1275 885 1356 947 edito
1376 885 1413 946 de
1434 889 1584 964 parietinis
1605 890 1715 950 tatere

238 996 303 1038 mae
323 981 445 1059 scripsit
465 979 502 1040 ab
523 977 579 1038 hu.
602 979 689 1053 4294,
710 976 748 1038 40
775 979 865 1040 alat.
898 993 957 1038 non
1013 978 1158 1040 nensihus
1178 993 1195 1039 4
1216 978 1374 1040 cardinale
1395 979 1552 1040 Barbarion
1571 968 1711 1043 restitutis

236 1073 341 1134 Latine
362 1070 484 1150 quidem
506 1071 559 1131 sed
581 1071 682 1132 ltalice
703 1070 867 1150 vulgatum
882 1087 899 1131 a
914 1073 959 1131 lo.
1013 1091 1080 1153 pag.
1102 1073 1173 1134 446.
1192 1074 1263 1134 423.
1285 1075 1354 1136 494.

236 1165 362 1242 Georgia
382 1163 516 1225 Ecoardo
537 1170 608 1224 tom.
631 1165 660 1225 2.
695 1165 834 1244 Corporis
857 1164 957 1226 414444-
1055 1166 1243 1228 144414148118
1258 1167 1324 1228 41144
1341 1170 1448 1230 vitiose
1464 1167 1715 1249 146444444144-

241 1257 293 1318 4444
309 1257 399 1318 medii
416 1259 484 1318 oevi
501 1273 566 1336 pag.
585 1257 767 1320 48632046.
783 1256 898 1318 Latinis
917 1265 961 1318 ta·
1015 1260 1161 1337 dioensis,
1183 1261 1280 1324 scriba
1301 1262 1439 1324 Guilelmi
1454 1265 1676 1342 conquaestoris
1688 1267 1713 1342 44

238 1368 308 1412 men
322 1352 502 1430 quibusdam
515 1353 699 1430 interpositis
708 1369 774 1431 pag.
795 1351 883 1412 4902.
895 1366 958 1429 seq.
1009 1361 1084 1433 post
1103 1355 1264 1416 lustratam
1282 1355 1318 1416 44.
1339 1357 1426 1418 4084.
1455 1357 1645 1418 Palaestinam
1661 1359 1717 1420 llo·

239 1452 270 1504 44
292 1444 380 1506 4937.
407 1445 444 1505 ad
480 1441 570 1507 2045.
593 1447 672 1522 (456
693 1447 732 1507 ut
752 1446 871 1508 4441144.
893 1447 960 1507 1441.
1015 1447 1392 1523 44444444444444444414,
1407 1449 1713 1528 44444146444076.

243 1539 411 1617 Scriptores
427 1539 478 1600 lll.
492 1555 522 1618 p.
540 1537 574 1599 li.
592 1554 663 1619 pag.
677 1543 766 1603 4444.
783 1541 870 1604 4252.
885 1541 962 1602 Lati-
1015 1541 1114 1602 444444
1133 1542 1171 1602 ah
1190 1541 1295 1604 eodem
1316 1541 1463 1604 Guilelmo
1489 1543 1587 1606 abbae
1612 1546 1640 1603 in
1660 1544 1717 1604 hn-

241 1649 279 1694 ne
293 1639 325 1692 et
340 1631 455 1712 plenior
470 1639 574 1696 extare
587 1635 647 1695 448.
662 1636 693 1694 iu
708 1633 782 1695 ltibl.
799 1634 961 1696 Barherina
1016 1636 1074 1714 glis
1091 1636 1336 1715 croylandensis,
1356 1636 1434 1698 diem
1460 1637 1530 1698 obiit
1560 1638 1614 1698 ho.
1636 1639 1716 1698 4409.

241 1741 297 1785 444
323 1725 412 1788 docet
434 1725 962 1806 414444.1144444444444444444444444]Ι
1016 1731 1136 1808 propior
1160 1731 1357 1810 octogenario.
1379 1731 1504 1810 Scripsit
1524 1730 1716 1792 4101418144-

240 1821 268 1881 4.
283 1821 350 1882 499.
367 1821 461 1882 Extat
479 1826 511 1880 et
531 1821 730 1897 Florentiae.)
1017 1820 1104 1881 nachi
1122 1821 1356 1899 croylandensis
1372 1821 1535 1882 chronicon
1550 1829 1675 1896 secutus,
1689 1821 1714 1896 b)

279 1913 522 1991 influentiam,
544 1913 689 1992 conjugis
707 1914 833 1994 Philippi
852 1915 963 1976 lille
1015 1911 1486 1994 historiomsivellasoriptiooem
1496 1911 1636 1975 abbatim
1646 1915 1714 1978 cra-

236 2007 283 2086 gis
308 2009 492 2069 Francorum
525 2009 662 2087 Epistola
690 2007 728 2069 ad
755 2009 960 2070 Caelestinum
1015 2003 1187 2086 glandensis
1207 2007 1245 2068 ab
1266 2006 1333 2086 ejus
1350 2008 1521 2070 lundatieoe
1542 2007 1575 2068 ll.
1595 2009 1630 2069 c.¹
1652 2009 1714 2068 864.

237 2101 286 2162 111.
304 2103 412 2180 Papam
430 2101 499 2162 data
516 2101 551 2162 Α.
571 2101 659 2162 troo.
682 2109 785 2163 exstat
803 2101 882 2182 apud
905 2105 962 2164 lla-
1015 2115 1112 2178 usque
1133 2101 1170 2161 ad
1193 2100 1226 2161 h.
1250 2102 1338 2164 4094.
1361 2101 1447 2162 11444
1466 2103 1579 2180 primus
1593 2100 1641 2162 aad
1662 2101 1712 2160 mi·

238 2194 352 2256 lucium
370 2202 444 2255 tom.
466 2199 494 2256 4.
516 2196 600 2256 11444.
620 2211 687 2274 pag.
711 2197 780 2258 422.
1015 2208 1075 2254 nus
1095 2195 1244 2273 integram
1272 2194 1407 2274 vulgavit
1433 2195 1470 2256 11.ι
1494 2193 1620 2255 Savilius
1642 2195 1713 2254 iuter
1782 2243 1784 2270 A

278 2288 660 2367 tNGuLunuNUSsupra
672 2287 959 2350 ANGELRANNUS.
1013 2285 1176 2365 scriptores
1196 2303 1297 2348 rerum
1319 2286 1509 2366 hogliearum
1530 2294 1595 2366 post
1611 2285 1710 2346 hedam

1782 2281 1784 2342 l

280 2383 310 2444 S.
321 2379 555 2444 lNGENUlNUS
572 2383 639 2442 sive
658 2380 823 2456 64444444,
837 2382 960 2460 Episco-
1013 2381 1190 2459 praecipuos
1211 2379 1304 2441 Lond.
1327 2381 1414 2442 4496.
1435 2387 1466 2441 44
1486 2380 1613 2441 Francos.
1634 2379 1715 2441 4604.

238 2493 296 2558 pus
314 2475 507 2538 sabionensis
521 2475 586 2536 sive
603 2477 792 2536 Brixinensis
813 2478 843 2535 in
864 2477 960 2538 ithae-
1013 2472 1061 2532 iol.
1084 2473 1280 2552 integriorem
1301 2481 1403 2536 autem
1425 2482 1456 2536 et
1475 2474 1619 2554 suppletis
1640 2471 1713 2534 1444-
1782 2465 1784 2490 ⁴

238 2574 279 2632 tia
300 2569 443 2644 4444464,
464 2571 543 2630 circa
564 2569 599 2630 Α.
617 2570 685 2630 590.
708 2568 848 2630 defensor
864 2571 955 2630 trium
1012 2567 1059 2626 444
1079 2566 1105 2641 cl
1126 2567 1289 2646 additaque
1309 2574 1447 2646 posterna
1469 2574 1567 2647 parte,
1588 2582 1641 2626 nec
1658 2581 1711 2624 non

238 2664 453 2744 Capitulorum,
471 2662 508 2723 de
524 2680 584 2742 quo
602 2661 677 2724 dcta
695 2664 831 2724 sanctor.
842 2671 914 2724 tom.
929 2665 963 2724 4.-
1010 2660 1234 2722 continuatione
1245 2661 1364 2722 rarat
1387 2661 1553 2723 illaesensis
1583 2658 1710 2720 allorum·

238 2757 391 2818 Februarii
409 2757 443 2817 V.
473 2773 539 2836 pag.
561 2757 630 2818 669.
659 2773 722 2834 seq.
751 2758 867 2834 primus
888 2755 959 2816 sub·
1011 2767 1071 2828 qua
1088 2754 1181 2814 trium
1199 2753 1461 2817 dNONYMORUll
1479 2755 1602 2814 loannes
1621 2749 1710 2812 4414444

240 2853 363 2930 scripsit
395 2849 511 2928 synodo
540 2847 757 2929 Episcoporum
789 2851 894 2910 latriae
924 2865 960 2909 ac
1010 2845 1106 2906 Oxou.
1129 2845 1216 2908 4684.
1239 2847 1288 2908 441.
1309 2846 1383 2908 Vide
1407 2863 1504 2924 supra,
1527 2853 1595 2904 tom.
1610 2847 1637 2905 l.
1651 2859 1710 2920 pag.

241 2945 436 3006 Venellorum
447 2952 645 3022 congregatae
656 2944 810 3004 inllnrano
820 2941 958 3004 Venetiae
1012 2939 1059 2999 33.
1081 2945 1112 2998 et
1132 2955 1199 3018 pag.
1219 2940 1270 3001 99.
1301 2955 1366 3018 seq.
1392 2946 1423 3000 et
1452 2938 1620 3016 catalogum
1642 2933 1709 2995 llihl.

243 3037 360 3117 oppido.
381 3035 455 3097 Vide
483 3036 618 3098 libellum
635 3037 672 3098 ad
691 3037 766 3115 lmp.
787 3037 958 3097 Mauritium
1011 3032 1212 3094 cottonianae
1228 3049 1294 3113 pag.
1312 3032 1360 3095 71.
1380 3030 1507 3112 Scripsit
1520 3035 1633 3090 notante
1648 3043 1707 3106 pag.

239 3131 318 3212 apud
339 3131 500 3192 baronium
522 3129 559 3190 ad
582 3129 617 3192 h.
640 3130 709 3190 4490.
731 3147 760 3189 n.
781 3128 919 3191 Xlilllll.
1013 3125 1080 3186 387.
1102 3126 1208 3187 Vossio
1229 3126 1397 3206 ingulphus
1412 3129 1442 3186 et
1455 3123 1490 3184 de
1507 3124 1568 3185 nita
1586 3117 1708 3181 4444444-

215 3273 218 3283 .
278 3223 296 3260 ⁴
305 3225 362 3286 [liu
374 3222 567 3302 multumque
581 3223 743 3302 postremis
757 3222 840 3284 hisce
854 3221 961 3284 diebus
1013 3219 1090 3282 culis
1103 3223 1133 3284 S.
1151 3219 1294 3282 cathlcci
1302 3241 1310 3280 ε
1324 3222 1403 3282 sant
1416 3220 1470 3300 qui
1483 3223 1512 3279 et
1524 3215 1644 3278 41444444
1655 3211 1707 3272 444

239 3323 388 3378 certatum
406 3323 454 3377 est
468 3316 506 3377 de
525 3315 628 3378 Sancti
643 3317 738 3396 elogio
754 3321 821 3377 viro
834 3317 904 3378 huic
917 3323 962 3378 at·
1011 3313 1091 3394 qliae
1104 3301 1310 3375 coenobioru‘m
1327 3312 1481 3380 lberam
1496 3307 1653 3372 condidisse
1671 3311 1708 3366 u·
1777 3299 1779 3378 ξ

239 3409 468 3472 tribuenducl.
485 3411 674 3472 Tartarottue
704 3413 733 3472 in
752 3411 962 3472 dissertatione
1014 3407 1354 3488 sementariciam
1373 3405 1466 3466 molto
1496 3405 1581 3465 etiarn
1603 3397 1706 3480 rafam
1775 3395 1778 3482 4

239 3501 282 3562 De
325 3502 499 3582 episcopale
544 3500 724 3565 Sobioaeasi
755 3507 787 3566 8.
824 3502 966 3566 4144444444
1015 3499 1057 3561 od
1070 3500 1362 3582 llageapertiaeolio,
1379 3498 1511 3560 desinere
1526 3489 1704 3556 munati-
1774 3543 1777 3570 ,

245 3599 390 3672 martyris
403 3595 497 3676 deque
512 3597 544 3656 S.
558 3594 715 3674 lagenuiai
732 3596 863 3675 ejusdem
877 3595 965 3658 urhis
1017 3595 1106 3656 4066.
1126 3611 1187 3676 qao
1208 3595 1357 3676 imperare
1372 3593 1403 3654 ia
1422 3589 1527 3672 haglio
1546 3582 1706 3668 coepttcttt'·

244 3686 374 3768 episcopi
390 3687 468 3748 octia
485 3685 611 3766 epistola
628 3689 763 3748 venetiis
786 3689 863 3750 4750
886 3691 913 3748 in
936 3689 964 3748 8.
1017 3685 1130 3748 1414444.
1149 3691 1223 3750 4444
1241 3690 1348 3768 respici
1362 3705 1379 3749 a
1394 3684 1496 3749 vossio
1510 3682 1649 3752 lliraeum,
1660 3693 1704 3755 qut

238 3779 394 3842 contendit
411 3780 495 3842 illum
511 3781 815 3842 interSchismaticos
835 3783 965 3842 uocasie
1016 3781 1090 3841 haec
1116 3781 1254 3843 traditio
1272 3783 1405 3843 auctario
1430 3781 1467 3841 de
1488 3779 1509 3840 S
1534 3779 1566 3839 Ε.
1592 3770 1703 3853 pag-5⁷·

240 3893 279 3936 ne
290 3874 405 3938 dissidii
421 3873 458 3934 de
477 3872 574 3934 trihus
590 3875 729 3953 capitulis
743 3891 853 3936 nomen
874 3893 963 3938 suum
1017 3873 1070 3935 sed
1087 3875 1203 3936 nullum
1221 3875 1269 3936 ille
1282 3873 1363 3935 aliud
1378 3873 1415 3934 de
1429 3863 1581 3933 Coenobiis
1596 3863 1702 3943 augilae
1771 3881 1773 3908 1

237 3969 372 4046 dedisse;
391 3983 447 4027 nec
465 3969 540 4028 satis
556 3982 594 4028 ex
610 3967 716 4028 idoneo
729 3974 810 4029 teste
821 3975 962 4030 44444444
1016 3983 1091 4049 opus
1112 3967 1250 4048 ingulphi
1270 3967 1367 4027 volvit
1381 3981 1471 4044 qnam
1490 3961 1559 4024 illud
1572 3959 1608 4020 de
1623 3954 1703 4018 anne

241 4066 313 4126 dicit
328 4079 401 4124 num
420 4061 543 4122 tandem
562 4063 732 4141 resipuerit.
750 4063 887 4124 Vicissim
908 4065 964 4124 llo-
1014 4061 1056 4119 tia
1077 4057 1304 4137 cmylandensi,
1324 4059 1353 4116 in
1376 4071 1435 4132 quo
1452 4061 1483 4116 et
1502 4053 1619 4114 eliorum
1642 4045 1703 4106 Cor·

235 4155 961 4236 eehmannusOeniponlanusliihliothecariuspro
1015 4153 1172 4214 nobiccum·
1187 4149 1313 4212 subinde
1335 4149 1515 4210 mentionem
1528 4145 1611 4204 44444.

242 4253 442 4313 sanctimonia
475 4249 632 4328 ingenuini
667 4249 834 4312 decertavit
863 4249 961 4311 valide
1056 4241 1209 4306 chilianus
1228 4242 1264 4304 de
1285 4241 1520 4312 lNlSllliLl'lllt,
1536 4251 1620 4316 supra
1638 4231 1702 4294 cill-

235 4346 455 4406 Dissertatione
476 4343 556 4403 edita
579 4344 697 4403 Brixiae
712 4342 888 4404 Noricorum
909 4359 958 4404 an.
1014 4337 1159 4400 titilius.

238 4435 325 4496 4748.
359 4439 491 4498 Rursum
526 4451 579 4516 pro
612 4437 772 4496 sanctitate
800 4436 970 4514 Ingenuini·
1052 4455 1121 4516 moe
1133 4467 1160 4506 44
1172 4459 1226 4519 tpso
1239 4456 1380 4520 ingulphus
1392 4466 1448 4518 pag.
1459 4453 1515 4503 444.
1526 4439 1704 4512 4444444444

236 4525 379 4607 Apologia
397 4531 509 4591 struxit
530 4529 562 4588 P.
577 4525 885 4606 Benedictualionelli
901 4531 957 4590 lle-
1053 4528 1082 4592 a)
1097 4529 1160 4580 arde
1175 4531 1303 4582 oaotnma
1321 4537 1373 4580 tom
1389 4532 1414 4580 ²·
1431 4540 1487 4593 uts·
1503 4527 1558 4578 ⁸⁷⁰·

237 4620 749 4700 lormatusord.minor.ouiusopus
762 4623 954 4703 inscriptum:
1005 4603 1351 4743 arrict)l:;e?qu¹1=lr:qfrdrr¹;¹rffi
1362 4589 1706 4740 ffiffi‘nfflfflffu:

126 4745 131 4758 ·
239 4711 387 4772 Vindictae
398 4712 803 4795 nomnlartprolnptilncam
817 4715 955 4796 adspexit
1003 4753 1135 4805 mmm
1151 4757 1200 4805 „a
1221 4755 1394 4804 contemnar,
1407 4755 1456 4802 p„
1468 4753 1494 4800 p„
1508 4760 1569 4800 „m
1582 4737 1703 4794 oxoniensi

237 4807 368 4868 Veronae
380 4807 508 4868 444764
527 4811 555 4867 in
568 4805 585 4868 h
600 4811 653 4868 l‘ro
664 4826 696 4868 se
708 4813 798 4869 etiam
814 4809 955 4870 414444444-
1007 4829 1168 4880 exornemur.
