3608 5604
709 92 1038 158 0000000000
1431 51 1434 58 ’
1551 95 1606 157 sor

131 207 179 270 Ad
193 206 370 288 Episcopum
396 201 656 278 600000404000000,
673 205 739 265 0400
757 203 840 264 Erro-
895 201 1035 264 mineburn
1062 219 1080 264 a
1106 201 1150 261 4ο.
1169 200 1295 280 Georgia
1312 199 1446 262 44000060
1463 217 1533 264 cum
1550 205 1610 264 lla·

130 301 268 362 0400000.
284 298 332 360 Ari
350 296 472 360 Clarum
485 283 776 376 000400003οᾞοη0000
793 295 842 356 nrt
896 297 982 360 nachi
1002 295 1301 375 weissenburgensis
1329 295 1487 357 catechesi
1514 296 1611 358 Theo-

132 393 324 459 Ccrdinolem
357 379 586 453 liberacensem.
615 390 663 451 Ari
696 389 840 451 Davidem
895 393 970 451 44000
987 390 1052 470 pag.
1071 391 1120 451 84.
1138 390 1276 449 44000000
1295 386 1384 449 4743.
1402 387 1430 448 8

132 485 300 568 Cherburp.
328 485 375 546 rid
400 482 619 563 Nordooolpioe
645 484 766 544 44000000.
795 483 843 544 Ad
935 481 1334 557 loannesKESSELEllUS,
1350 483 1610 564 Svevuspresby-

133 577 307 644 Generalem
321 581 443 640 Factum
459 583 563 638 000400
579 576 759 657 reformatos
770 577 842 639 Car-
896 583 942 638 ter
959 577 1170 656 Gyslingensis
1197 583 1228 636 et
1252 579 1340 638 roem
1357 578 1436 638 circa
1453 594 1503 638 an.
1521 580 1609 641 4495.

131 676 260 736 molitas.
291 673 404 736 Contra
431 669 673 732 Proedeoessorr's
708 669 843 751 blaspbe-
895 672 1028 732 carmine
1045 669 1192 750 Sapphico
1214 672 1334 749 scripsit
1349 669 1453 732 lanrles
1469 670 1608 733 Andreae

130 768 217 829 miae.
234 769 348 831 Contra
359 772 514 846 apostatos
524 763 678 846 quosdam.
690 763 738 825 Ad
750 781 843 845 qaen-
895 763 1035 844 Apostoli,
1053 769 1084 825 04
1095 760 1217 827 Nicolui
1228 763 1376 841 Myrensis
1392 765 1422 822 in
1437 766 1526 842 Lycia
1540 767 1610 844 Epi-

129 861 200 922 dom
217 866 377 921 0000040000.
390 859 452 920 Pro
469 858 654 940 suscipiendo
669 859 840 941 poenitente.
896 859 998 936 scopi,
1016 857 1105 934 cujus
1127 858 1271 918 memoria
1292 857 1339 917 Vl.
1362 858 1519 918 Decembr.
1538 859 1611 920 coli-

131 950 842 1034 Gontraquendamobstinatnm.benedictiones
896 959 965 1024 tur,
993 951 1073 1012 sicut
1105 951 1135 1012 S.
1166 949 1324 1022 Andreae,
1348 949 1395 1010 30.
1419 953 1606 1012 Novembris.

129 1055 161 1110 et
178 1045 452 1110 commendationes
470 1045 705 1108 procedentium.
729 1044 841 1106 Proca
896 1044 1009 1119 Alius,
1041 1045 1111 1106 44004
1143 1061 1202 1104 000
1235 1043 1330 1104 000440
1354 1043 1456 1121 junior
1481 1046 1612 1107 40000000

130 1140 224 1202 nones
246 1140 392 1200 4440000000
410 1141 475 1198 0400
493 1147 526 1200 04
543 1138 694 1200 lelandus
712 1139 843 1202 Carmen
897 1136 1067 1211 KESLER,
1089 1137 1235 1199 Sacerdos
1257 1137 1286 1196 in
1308 1136 1382 1198 aede
1405 1138 1436 1198 S.
1457 1140 1609 1199 Laurentii

128 1233 260 1296 nonnum
275 1232 313 1294 ad
331 1231 536 1294 [talamum
552 1233 746 1294 Carmelitam
759 1241 789 1294 04
806 1233 841 1295 1).
898 1231 977 1310 apud
1011 1219 1242 1310 sangallenses,
1262 1228 1351 1306 cujus
1383 1233 1609 1310 prosopopeiam

128 1327 281 1400 Andrearn
297 1327 490 1406 Episcopum.
504 1327 564 1387 Pro
576 1325 695 1388 4400400
713 1325 842 1406 Virginis
896 1324 954 1386 sub
975 1323 1174 1386 Bibliothecae
1196 1323 1402 1402 Sangallensis
1423 1341 1551 1402 persona
1572 1324 1609 1386 ad

128 1419 412 1483 commemoratione.
421 1417 628 1480 Ordinationes
636 1417 842 1502 festivitatum.
896 1416 998 1480 400040.
1015 1415 1181 1478 vedianum
1204 1415 1365 1478 Consulem
1388 1415 1482 1476 edidit
1501 1415 1613 1496 Golda-

130 1515 192 1574 Pro
210 1511 403 1593 relinquendo
420 1510 524 1594 0))4040.
705 1527 706 1535 “
897 1516 966 1571 stus
983 1510 1012 1570 in
1031 1509 1114 1570 calce
1131 1511 1204 1570 tomi
1222 1510 1301 1570 tertii
1320 1525 1421 1570 rerum
1439 1507 1611 1572 Alemanni-

170 1605 395 1670 KENULPHUS
411 1607 586 1668 llerciarum
601 1606 737 1682 ltax,de
754 1607 843 1685 ouius
897 1617 1022 1677 carum,
1044 1608 1174 1664 testatus
1206 1619 1276 1681 eum
1306 1604 1465 1680 scripsisse
1491 1621 1611 1683 quoque

130 1699 170 1762 ad
191 1703 322 1762 Leonem
340 1701 390 1761 lll.
409 1703 517 1779 Papam
534 1701 679 1779 Epistolis
694 1703 843 1764 4400000400
897 1699 991 1757 vitam
1003 1694 1140 1773 ejusdem
1158 1694 1292 1770 vadiani,
1310 1703 1341 1755 04
1359 1697 1388 1754 40
1406 1696 1473 1774 eius
1490 1697 1610 1774 Gallum

127 1793 169 1856 ad
186 1810 234 1854 00
253 1793 320 1856 706.
338 1811 367 1854 0.
387 1793 434 1856 47.
452 1810 517 1872 seq.
534 1795 737 1874 Prtseuspa
755 1792 823 1858 465.
899 1797 1004 1866 natas,
1022 1796 1052 1850 et
1070 1790 1171 1868 linua
1188 1789 1422 1850 Germanicam
1425 1807 1501 1869 gens
1526 1790 1611 1871 Opus

173 1885 398 1948 KENULPHUS
418 1905 457 1948 ex
477 1887 592 1949 Abbate
613 1890 842 1968 Petroburgensi
898 1883 1125 1945 Chronicorum.
1171 1897 1173 1902 ’

128 1982 301 2060 Episcopus
326 1979 435 2042 0600.
457 1979 594 2042 400306
616 1981 705 2044 4406
727 1981 844 2044 Winto-
937 1975 1069 2038 Joouuet
1098 1973 1300 2052 deKETAll,
1318 1975 1470 2051 Medicus,
1488 1917 1611 2040 600000

128 2075 255 2134 niensis.
266 2073 318 2134 4440
329 2078 377 2132 004
391 2089 481 2151 quern
498 2075 580 2153 llugo
595 2074 748 2136 Candidus
762 2075 842 2154 apud
898 2085 957 2132 nus
974 2072 1052 2130 04000
1065 2087 1114 2132 00.
1133 2071 1211 2132 4490
1228 2069 1266 2130 de
1280 2070 1368 2148 cujus
1383 2068 1528 2153 [0000400040
1544 2072 1610 2160 440-

129 2167 307 2228 Balcumx.
324 2164 372 2225 37.
390 2174 479 2228 00004
491 2166 595 2246 florem
613 2165 743 2228 40400040
756 2166 845 2230 disat
898 2161 1015 2224 dicione
1032 2166 1136 2224 venet.
1156 2163 1243 2225 4430.
1263 2166 1350 2226 4500.
1371 2166 1458 2227 4544.
1482 2167 1530 2226 404.
1559 2185 1611 2227 ex-

125 2258 249 2341 plinae,
278 2252 459 2339 eloquentiae
486 2264 659 2336 4000004000,
691 2267 722 2322 04
753 2261 844 2323 decas
899 2273 972 2318 cuso
982 2257 1157 2320 consulendi
1168 2259 1419 2324 bibliothecarum
1430 2259 1612 2321 Medicorum

129 2370 169 2414 aa
199 2369 335 2414 normam
362 2353 542 2415 Divinarum
567 2371 673 2416 rernm
696 2373 733 2416 00
761 2371 847 2418 seco·
899 2355 1070 2431 scriptores.

129 2448 259 2510 4004000.
939 2442 1086 2507 liebertus
1102 2441 1340 2512 KETENENSlS
1357 2446 1493 2528 Anglus,
1507 2447 1613 2510 400404·

173 2540 277 2604 4444440
300 2542 364 2601 0400
387 2540 483 2616 Gero,
500 2541 663 2604 aNotlrero
684 2543 710 2616 0)
734 2542 845 2604 Labeo·
900 2539 1084 2600 diaconusin
1097 2541 1240 2618 Hispania
1254 2541 1459 2620 Papilonensis
1473 2559 1611 2604 0000000.

130 2653 170 2696 ne
202 2636 267 2695 0400
300 2634 422 2695 Balbulo
450 2637 571 2696 omnino
591 2635 844 2714 distinguendus,
901 2631 988 2692 4443.
999 2628 1180 2692 alcoranum
1193 2632 1322 2694 traditur
1337 2637 1467 2695 vertisse
1484 2654 1522 2696 ex
1539 2636 1612 2697 hra-

17 2757 20 2767 .
131 2703 295 2792 Monachus
319 2729 349 2788 S.
371 2727 446 2789 Galli
478 2735 612 2808 ternpore
644 2730 674 2790 S.
706 2730 842 2792 Othmeri
898 2724 964 2785 bico
980 2727 1061 2785 0400
1090 2723 1303 2804 compendium
1321 2744 1450 2788 nnsrsse.
1469 2728 1542 2790 Vide
1559 2732 1614 2791 Ba-

129 2823 256 2884 Abbatis
280 2824 357 2882 circa
384 2840 433 2883 an.
453 2822 523 2882 720.
546 2817 597 2884 4440
620 2823 648 2882 in
671 2839 760 2884 usum
785 2825 844 2884 hla-
900 2820 980 2881 laum
998 2821 1034 2882 ll.
1053 2821 1101 2880 80.
1119 2823 1251 2882 Pitseum
1277 2841 1342 2902 pag.
1361 2824 1430 2886 ato.
1448 2825 1552 2886 Sedet
1571 2828 1614 2886 in-

131 2917 255 2978 nasterii
268 2916 315 2976 sui
327 2914 471 2995 Reperiam
482 2917 513 2978 8.
523 2915 846 2980 Benedicti-Theotisca
902 2914 945 2975 ha
964 2911 1162 2976 ROBERTUS
1179 2915 1352 2978 belinensis.

132 3012 245 3086 vertit,
262 3027 354 3089 quarn
371 3028 408 3070 ex
426 3009 535 3072 Codice
552 3019 772 3090 nongentarum
794 3029 848 3072 aa·
935 3005 1106 3070 'Guilelmus
1117 3007 1270 3072 KETHUS
1284 3008 1447 3071 sivetreitt
1463 3009 1562 3073 Abbas
1576 3013 1614 3074 de

132 3120 239 3166 norum
258 3104 285 3178 4))
307 3103 468 3181 descripsit
496 3103 668 3182 praeclarus
696 3105 747 3166 Vir
773 3108 845 3166 Ber·
899 3099 995 3164 Killes
1012 3099 1082 3164 Ord.
1102 3103 1228 3164 Cisterc.
1257 3106 1286 3164 in
1315 3105 1444 3166 Manavia
1470 3109 1548 3176 circa
1565 3123 1613 3168 00.

132 3193 245 3258 nardus
262 3195 442 3272 Franckius,
460 3197 705 3260 bibliothecarius
720 3198 846 3278 Sangal-
903 3191 989 3256 4350.
1012 3198 1119 3258 Orator
1135 3204 1166 3256 et
1182 3198 1290 3271 Poeta,
1308 3215 1398 3276 quern
1421 3186 1491 3259 cum
1519 3201 1615 3260 multa

135 3289 248 3364 400040,
266 3289 408 3366 misitque
424 3288 461 3350 06
478 3291 587 3352 tetum
605 3291 844 3354 eruditissimum
900 3291 1059 3369 scripsisse
1077 3306 1169 3350 versu
1198 3297 1229 3351 04
1253 3307 1342 3370 prosa
1364 3292 1473 3354 0040004
1490 3294 1615 3355 Carolus

133 3380 168 3439 D.
188 3381 235 3440 40.
256 3379 459 3452 80404440ου00,
482 3383 510 3442 40
539 3383 628 3463 cujus
648 3391 731 3444 tomo
751 3387 846 3464 primo
900 3384 1042 3445 Viscbius
1060 3401 1125 3464 pag.
1146 3385 1213 3446 435.
1237 3391 1356 3446 tanturn
1380 3390 1514 3447 nominat
1535 3389 1617 3464 Quo·

132 3471 266 3534 thesauri
287 3475 515 3552 antiquitatum.
531 3477 762 3540 Teutonicarum
781 3496 848 3557 prs
901 3475 1101 3556 dragesimale
1119 3484 1148 3538 et
1161 3480 1310 3558 Humerum
1324 3477 1360 3539 de
1377 3478 1507 3541 8000440.

133 3565 208 3642 drit,
225 3575 351 3628 curante
380 3575 450 3647 post
480 3569 593 3634 laudati
622 3573 761 3636 Schilteri
786 3574 847 3634 obi·
939 3568 1072 3632 Ioannes
1093 3568 1129 3632 de
1149 3567 1323 3634 lllKULEO
1343 3589 1435 3651 supra
1455 3589 1524 3652 pag.
1546 3574 1615 3634 340.

133 3668 214 3734 tum,
233 3661 418 3724 nobilissimo
444 3665 529 3726 toan.
551 3666 678 3748 Georgia
695 3668 845 3730 Saberzio.
940 3663 969 3726 S.
990 3663 1175 3726 hilianus
1190 3669 1311 3727 natione
1333 3667 1502 3739 4444000000,
1523 3669 1615 3727 Fran·
1716 3673 1721 3683 ’

130 3753 235 3814 Ulmae
263 3752 350 3816 4747.
379 3756 428 3817 404.
457 3757 644 3824 Glossarium
671 3780 709 3822 ex
738 3761 843 3822 eodem
900 3760 1003 3820 aoniae
1024 3760 1067 3850 0)
1073 3762 1138 3820 0400
1156 3761 1297 3822 40000000
1312 3761 1474 3822 0000040400
1486 3760 1615 3839 Aposto

130 3845 240 3910 Codice
261 3858 492 3928 composuerat,
510 3861 541 3912 et
558 3854 744 3932 alphabetico
765 3853 848 3932 04430-
901 3853 948 3913 400
955 3853 1167 3931 ,Episcopus'
1161 3870 1190 3912 rn
1208 3852 1368 3915 Germania
1387 3853 1617 3930 wirtzburgen-

131 3947 214 4002 stum
241 3939 345 4002 ordine
371 3941 507 4003 ediderat
531 3943 694 4004 Goldastus
722 3951 796 4004 tom.
818 3945 846 4006 4.
901 3947 944 4004 040
972 3952 1004 4004 04
1031 3961 1080 4005 an.
1106 3947 1174 4006 689.
1192 3948 1325 4022 llartyr,
1343 3945 1617 4024 rujushetaedita

130 4033 352 4096 Alemannicor.
365 4051 430 4114 pag.
442 4037 480 4095 69
493 4035 573 4113 (edit.
588 4055 682 4098 00000
694 4049 721 4117 p.
734 4037 767 4100 74
788 4039 847 4113 96.)
902 4037 1007 4098 Colon.
1038 4037 1124 4098 4570.
1152 4055 1169 4098 0
1197 4038 1283 4098 80040
1312 4039 1389 4098 Vlll.
1409 4039 1468 4100 tut.
1486 4045 1578 4116 atque
1598 4057 1617 4100 a

132 4123 285 4208 Confessio
303 4125 390 4188 Fidei
413 4127 493 4190 edita
519 4147 536 4191 a
564 4129 707 4192 Goldasto
725 4135 797 4190 tom.
817 4131 847 4192 4.
900 4131 962 4192 Nic.
987 4131 1105 4192 Serario
1121 4131 1269 4191 illustrata
1284 4130 1543 4192 observationibus
1557 4135 1617 4192 llo-

128 4219 296 4297 iactauit.
314 4237 410 4282 00000
428 4239 495 4302 pag.
510 4223 588 4298 446.)
605 4230 636 4284 04
654 4223 732 4306 apud
752 4225 849 4286 804044-
902 4229 988 4303 gunt.
1005 4225 1092 4286 4698.
1110 4231 1141 4284 04
1171 4226 1199 4282 in
1227 4231 1308 4283 tomo
1325 4225 1347 4284 l.
1366 4225 1433 4302 ejus
1450 4225 1616 4304 00000010-

130 4319 230 4373 terum
245 4332 314 4394 pag.
327 4315 376 4380 84.
391 4315 549 4397 depositio
567 4317 600 4378 in
611 4317 780 4380 0004400000
791 4319 849 4378 llo-
901 4312 991 4393 rum,
1008 4317 1077 4378 ibid.
1097 4320 1184 4380 4040.
1202 4319 1250 4380 404.
1269 4319 1368 4395 Atque
1390 4319 1549 4398 integriora
1564 4335 1612 4378 00.

171 4567 198 4630 0)
211 4569 264 4617 tion
280 4566 381 4618 60400000
394 4571 437 4631 qut
454 4581 545 4620 nomen
559 4571 615 4620 1400
628 4578 748 4634 putarunt
761 4571 850 4622 abbre-
896 4575 1015 4622 slttouern
1037 4573 1218 4624 vocabulorum
1242 4577 1269 4623 tn
1283 4571 1377 4623 ‘ittbltts
1403 4573 1503 4624 turben
1526 4588 1617 4628 00000-

131 4645 229 4692 vietum
251 4654 295 4705 pro
312 4643 429 4704 morter,
446 4651 474 4694 00
491 4649 622 4697 «ternans
638 4647 696 4697 aie
713 4661 757 4710 pro
775 4656 850 4704 sene
900 4650 1007 4697 rentium
1025 4660 1082 4711 nur·
1098 4648 1138 4698 44.
1154 4662 1207 4710 sou·

126 4719 212 4776 elicto,
238 4717 317 4767 Hono
333 4729 379 4780 pro
398 4723 495 4770 4οο000
513 4727 560 4772 040.
578 4722 639 4772 vide
662 4725 848 4790 (tundllngtrns
940 4723 1105 4782 0044104000.
1116 4723 1177 4776 ΤΑ.
1189 4721 1565 4789 40414440459044014400444·
1577 4727 1617 4792 49)

127 4797 206 4844 xxvi,
220 4792 244 4842 6.
261 4799 287 4843 04
303 4795 330 4845 Β.
350 4795 469 4848 4440000404
486 4809 536 4848 voa
552 4796 625 4849 stede
638 4798 716 4862 praet.
727 4801 758 4852 004
771 4815 848 4865 expe·
939 4802 963 4864 0)
974 4801 1034 4851 Vide
1048 4804 1101 4853 400.
1112 4801 1243 4850 4400000000
1254 4798 1286 4851 60
1299 4801 1508 4863 scriptantttbor.
1532 4813 1556 4864 p.
1574 4800 1614 4852 at.
