3608 5604
648 90 1009 160 eternitatis
1516 105 1576 168 4105

67 198 192 256 nensis
212 193 270 258 444.
293 195 380 258 titt.
402 197 433 254 8.
454 201 489 258 44
509 197 595 274 primi
618 195 683 257 libri
710 205 802 277 44444
856 207 923 278 ejus
944 205 1088 282 Epistolis
1103 203 1152 266 lib.
1171 202 1263 266 xvii.
1282 207 1378 286 Epist.
1401 211 1428 270 1.
1450 217 1481 270 44
1500 214 1527 273 3.
1543 220 1575 272 et

69 291 236 368 primum:
329 357 332 364 ¹
859 295 907 355 40.
937 303 1009 356 tom.
1029 299 1065 369 .³·
1098 298 1283 360 collectionis
1305 302 1488 363 novissimae
1513 303 1574 364 Ed-

117 411 209 468 usque
223 405 272 458 tutt
287 408 340 456 rest
358 419 492 470 permagni
508 407 601 470 4444444
620 408 736 469 serenat,
857 388 961 448 mundi
978 392 1111 452 44444444
1132 397 1163 451 44
1186 393 1284 452 Ursini
1307 393 1462 470 44444444,
1481 398 1573 458 Paris.

159 483 406 544 41444444444,,44144
423 485 457 533 444
472 482 637 544 relligiosus,
654 483 729 534 bomo
746 489 791 534 ost.
860 479 948 540 lm,
970 482 1019 542 lbi.

70 594 127 746 ἓξ
139 591 276 670 denique
291 595 447 654 Lactantio
460 600 618 656 consecrat
636 594 719 654 hisco
737 609 806 654 ver·
859 571 1169 728 ιυῖἒθᾞέὃῧέθαηῑ
1201 577 1371 655 3444010843
1406 581 1573 656 [40434444.

143 706 151 746 ς
231 719 241 734 .
904 710 953 742 0.
1057 709 1065 726 .
1110 713 1115 726 .

118 806 230 867 suscipe
248 807 361 855 tsetsott
380 812 468 855 tenues
483 817 546 867 quos
564 807 763 858 4144444444444
1019 823 1170 888 Epist-oms
1192 825 1413 890 [ΑΟΤΛΝΤΠι

155 881 237 928 014444
253 879 368 929 4444444444
379 881 459 940 ,4444
476 883 593 938 Patrone,
611 880 670 931 tlbt.

116 955 242 1004 4444444444
260 953 323 1004 4444
340 953 435 1012 denis,
453 953 566 1004 terrente
583 955 676 1014 colora,
694 955 793 1014 4144444,
900 968 986 1030 4465,
1009 971 1037 1047 b)
1060 973 1137 1048 (non
1162 973 1249 1032 4464,
1277 975 1319 1034 uri
1341 973 1451 1050 legitur
1473 977 1501 1033 tn
1524 991 1573 1036 ορ.

116 1027 807 1168 sosszsfflffi„fffflfflgfnffi'Leone,
860 1061 969 1122 leberr.
991 1065 1190 1126 illontiauooni
1213 1068 1310 1126 iliario
1332 1067 1433 1127 italico
1454 1084 1483 1146 p.
1505 1068 1573 1130 4146.

151 1179 185 1224 itt
202 1177 270 1225 cane
282 1183 412 1240 composui
425 1212 433 1236 ,
445 1176 636 1240 qualiacunque
651 1179 721 1228 44444
857 1156 908 1231 qui
930 1156 994 1233 59⁸0
1011 1155 1124 1218 deinde
1145 1159 1304 1220 confessus
1324 1165 1372 1220 654
1394 1175 1427 1218 ⁵0
1454 1176 1508 1237 per
1528 1177 1576 1220 et·

115 1251 439 1312 temporeperminsit
456 1251 601 1301 torensno
620 1251 702 1302 444444
720 1252 803 1304 elebat
863 1263 961 1308 rorem
983 1251 1122 1326 posuisse
1154 1251 1237 1310 ilium
1260 1254 1441 1324 numerum)
1464 1253 1574 1314 iiomao

152 1324 469 1390 ⁰¹b¹T¹⁰¹¹¹¹rii¹¹⁸¹¹⁰¹¹
487 1325 751 1405 9⁰¹⁶¹¹i¹⁰¹⁸¹¹¹⁸¹⁰¹b
802 1399 805 1404 ,
857 1343 1073 1401 444444444444
1108 1342 1282 1404 Sublacensi
1305 1345 1354 1404 lol.
1377 1345 1573 1407 Pontificatus

67 1441 176 1518 bingis
196 1455 304 1519 operae
326 1441 456 1518 pretium
478 1443 568 1516 lecit,
591 1443 641 1519 qui
663 1441 800 1520 44444444
858 1434 938 1492 Pauli
962 1436 1057 1513 Papae
1079 1436 1114 1494 ll.
1136 1451 1216 1496 anno
1234 1437 1375 1497 secundo.
1395 1438 1468 1499 Vide
1485 1440 1571 1499 444444.

66 1522 226 1592 libroruin
251 1533 394 1593 taetantii
417 1539 448 1592 et
470 1519 624 1593 doctrinae
642 1531 709 1610 eins
731 1548 802 1610 syn·
854 1527 1002 1586 4441444444
1024 1528 1122 1587 annal.
1140 1530 1316 1609 typograph.
1339 1549 1366 1609 4.
1390 1532 1439 1590 60.
1461 1533 1571 1592 Exstat

67 1625 183 1684 thesin
196 1630 227 1683 el
243 1641 356 1685 naevos
369 1623 491 1685 exhibet
505 1621 700 1693 Abmlramue
717 1625 803 1686 Scul.
856 1619 885 1676 in
908 1618 1046 1679 Biblioth.
1068 1621 1230 1682 Barberina
1251 1630 1282 1682 el
1304 1624 1574 1701 24441144444444404

65 1721 151 1778 telus
179 1725 262 1795 parte
286 1721 312 1778 4,
337 1717 485 1777 medullae
504 1720 624 1779 Patrum
644 1735 709 1796 pag,
731 1720 799 1780 393,
856 1717 1041 1772 memoratur
1061 1713 1154 1772 eiiam
1176 1715 1351 1792 Hobilnget'b
1369 1717 1398 1775 itt
1416 1717 1575 1777 Bibliothe-

69 1827 139 1888 seq.
155 1816 191 1870 el
203 1806 346 1870 Nicolaus
358 1806 384 1868 le
402 1810 540 1888 Noarry‚
555 1812 581 1884 a)
597 1813 649 1888 qui
666 1809 704 1870 ad
722 1810 801 1888 Apo-
856 1805 936 1863 oario
957 1803 1175 1881 quadripartito
1193 1823 1220 1884 p.
1238 1807 1308 1868 295.
1325 1816 1356 1866 44
1374 1808 1480 1869 loanni
1499 1811 1575 1870 444-

67 1904 176 1981 logios
190 1901 365 1964 Tertulliani
379 1945 387 1972 ‚
402 1903 542 1976 Minucii,
561 1903 726 1980 Cypriani,
745 1901 802 1962 414-
855 1898 902 1972 gio
924 1898 953 1954 in
976 1891 1119 1973 Epistoiis
1146 1899 1374 1961 Medicinaiibus
1399 1902 1433 1961 ll.
1456 1901 1483 1960 3.
1506 1917 1572 1980 pag.
1590 1895 1597 1905 ”

67 1996 153 2055 nobii
178 2001 209 2055 44
226 1995 372 2056 Lactantii
386 1994 581 2072 illustrandos
596 2001 627 2054 44
644 1994 800 2055 vindicau-
855 1987 923 2049 boo.
957 1989 1120 2066 Theophila
1154 1993 1297 2063 Sincera,
1329 1991 1475 2054 Nackri'ssi
1512 2009 1571 2054 000

66 2087 127 2148 das
150 2089 274 2166 egregia
296 2087 391 2148 muita
413 2089 572 2148 annotavit
591 2093 672 2146 tomo
691 2093 800 2147 secun·
855 2096 951 2140 tarto
972 2080 1129 2156 30444444,
1154 2099 1221 2162 pag.
1243 2087 1310 2146 404.
1333 2101 1399 2170 seq.¹
1562 2171 1564 2176 ,

67 2179 108 2240 do
135 2187 305 2258 apparatus
336 2179 373 2239 ad
404 2178 618 2239 Bibliothecam
652 2181 799 2252 Petrum,
897 2175 984 2234 1468,
1007 2173 1164 2248 dlliomae
1186 2179 1215 2236 in
1238 2175 1326 2236 domo
1347 2179 1425 2237 Petri
1448 2176 1486 2238 de
1514 2181 1573 2240 444-

67 2274 172 2333 Ρ4444.
191 2273 279 2332 4745.
296 2272 421 2332 144144.
437 2268 799 2349 4444444444444444444
853 2267 963 2341 nimis,
985 2281 1039 2344 per
1055 2267 1226 2329 conradum
1245 2267 1430 2330 Sweinheim
1448 2277 1480 2331 44
1496 2271 1569 2332 444.

67 2366 214 2444 parentis
245 2367 292 2426 sui
314 2365 453 2442 analysin
475 2364 719 2443 disputationum
744 2367 799 2424 44·
855 2360 1014 2440 Pannartz.
1037 2359 1087 2420 iol.
1108 2363 1186 2422 44444
1207 2360 1299 2430 editio
1321 2363 1377 2423 luit
1398 2364 1518 2442 Neapoli
1541 2366 1571 2422 in

69 2460 186 2520 etantii
208 2456 359 2518 adversus
380 2458 526 2518 4444444444
548 2463 695 2518 memorat
717 2455 800 2517 filius
853 2450 991 2511 Bibliotb.
1034 2453 1157 2530 iosephi
1195 2453 1355 2515 Vallettaa.
1392 2457 1574 2518 llenroratur

72 2551 275 2614 Christianos
296 2550 477 2610 'thomasius
503 2543 538 2608 ‘in
568 2551 697 2610 ilistoria
717 2551 800 2610 iuris
853 2545 944 2602 etiam
966 2561 982 2604 4
1003 2545 1086 2604 llich-
1111 2547 1241 2606 Simone
1269 2554 1340 2606 tom.
1364 2548 1383 2608 4
1404 2549 1500 2627 Epist.
1522 2565 1571 2610 44-

72 2643 217 2706 Naturae
238 2659 306 2721 pag.
327 2643 376 2702 44.
427 2627 432 2639 “
855 2635 923 2696 4444.
957 2647 1022 2714 pag.
1047 2637 1112 2697 t53.
1136 2639 1206 2697 Post
1226 2640 1358 2724 capitum
1391 2649 1570 2718 argumenta

119 2731 319 2796 Ambrosium
346 2733 610 2816 camaldulensem
642 2739 799 2796 versalum
857 2726 932 2786 libro
949 2729 1114 2805 praemissa
1127 2734 1300 2806 sequuntur
1313 2733 1457 2792 lactantii
1475 2741 1573 2795 errata

82 2845 158 2891 esse
177 2831 205 2888 in
225 2829 369 2889 Lactantii
388 2828 617 2902 emendatione,
630 2833 803 2889 constater
858 2836 911 2897 per
927 2820 1049 2879 44444444
1064 2819 1223 2882 Antoniam
1240 2821 1427 2886 Rondeasem
1441 2827 1467 2901 4)
1479 2826 1575 2886 Theo·

119 3029 148 3087 .)
168 3031 240 3078 nem,
256 3026 287 3077 d„
302 3033 418 3077 Tmou,
436 3026 505 3078 1710¹
523 3039 580 3089 Μ,
597 3025 653 3076 447,
674 3038 729 3088 seq,
851 3017 995 3070 voluisses.
1021 3023 1054 3071 ts
1070 3027 1143 3072 certe.
1156 3020 1254 3083 suisset
1275 3029 1303 3072 44
1325 3023 1432 3072 ordinis
1450 3031 1476 3072 et
1491 3025 1581 3088 dipni·

118 3102 150 3161 b)
175 3103 235 3152 444.
257 3105 329 3153 44444
353 3103 397 3152 lib.
414 3103 441 3150 2:
457 3101 489 3151 44
509 3104 595 3150 enims
615 3112 673 3163 pag.
696 3101 735 3149 44.
761 3099 806 3148 Eo
853 3095 921 3142 tatis
933 3099 1004 3147 tuae.
1018 3096 1092 3158 Quae
1107 3097 1179 3146 enim
1194 3109 1242 3159 per
1254 3099 1433 3148 immortalem
1444 3101 1527 3150 4444444
1539 3100 1581 3163 sa·

68 3177 186 3225 nomine
200 3177 339 3226 Ciceronis
349 3177 460 3224 venitin
470 3175 806 3226 recordationemtoeran-
850 3170 946 3218 044444
963 3171 1038 3219 ratio
1055 3177 1080 3221 44
1097 3173 1249 3232 commovit,
1263 3179 1293 3222 nt
1307 3174 1421 3235 ¹perinde
1438 3181 1518 3235 41444
1533 3175 1578 3224 in·

67 3251 128 3298 sins
140 3285 149 3307 ,
163 3249 209 3310 4441
225 3249 279 3312 fuit
295 3247 355 3310 ejus
372 3249 514 3298 imitator:
533 3261 568 3298 es
585 3249 634 3297 boa
651 3249 683 3297 de
697 3249 806 3297 444444-
850 3242 920 3305 [esto
938 3245 1054 3305 quodam
1081 3252 1160 3306 atque
1179 3246 1291 3294 inimico
1308 3245 1414 3308 afflatas
1433 3249 1533 3310 spirits
1547 3250 1578 3298 in

66 3321 204 3385 graphia,
229 3324 298 3372 ivam
319 3323 344 3369 is
365 3321 432 3370 44444·
456 3323 556 3372 dieitur
568 3321 694 3383 formulis
710 3324 803 3371 aeneis
851 3317 942 3366 virum
964 3317 1043 3368 ittam
1068 3319 1254 3380 doctissimum
1270 3327 1350 3382 atque
1369 3322 1580 3372 disertissimam

67 3401 193 3439 4444444444
210 3390 251 3440 oei
265 3391 370 3453 primus
387 3392 427 3439 uei
442 3405 501 3440 eum
519 3392 626 3453 primis.
852 3398 909 3441 tam
924 3393 1081 3454 inscienter,
1099 3399 1156 3443 tarn
1171 3393 1285 3454 injuste,
1304 3402 1362 3444 tans
1377 3397 1460 3458 impie
1476 3398 1579 3448 4444444-

119 3464 597 3526 e)'soonasenmtdcnron,cypneum
608 3464 808 3527 4444046444-
851 3467 942 3526 reris,
961 3473 991 3515 444
1005 3481 1061 3516 non
1088 3480 1132 3516 res
1160 3468 1249 3516 sulum
1265 3481 1350 3531 paene
1366 3471 1579 3522 innumerabiles

68 3538 103 3590 tr.
128 3537 252 3590 4444144444
276 3539 478 3589 sebui-Historia
497 3546 558 3589 tom.
577 3541 601 3588 5.
623 3551 680 3602 pag.
699 3539 752 3590 tas.
775 3543 806 3592 44.
853 3541 973 3592 consulto
1000 3542 1071 3595 male
1092 3543 1299 3606 interpreteris,
1317 3546 1364 3594 sea
1381 3557 1477 3594 nomen
1494 3547 1577 3596 etiam

68 3615 199 3674 Georgius
213 3611 353 3661 tudorlaus
367 3611 506 3664 Goidnerus
522 3613 599 3676 44444.
612 3616 643 3665 44
656 3615 749 3666 librum
761 3619 808 3664 44·
854 3615 910 3664 oiri
926 3616 1075 3678 depravare
1088 3618 1215 3678 4444444444,
1226 3623 1317 3680 utpote
1329 3631 1405 3680 quern
1420 3623 1579 3670 tactenslum

70 3687 166 3738 4444411
184 3687 215 3736 44
231 3689 280 3734 14444
293 3687 407 3748 'opificia
852 3703 903 3754 pro
922 3692 1053 3740 Lactantio
1069 3689 1200 3740 nomines.
1216 3693 1286 3742 Nam
1297 3693 1329 3742 rie
1342 3693 1420 3742 rebus
1431 3696 1501 3757 ipsis
1515 3696 1579 3757 quiri

118 3759 148 3815 4)
166 3758 287 3810 codicem
304 3765 350 3810 444.
372 3762 419 3812 boc
440 3773 511 3813 anno
534 3769 665 3812 4444444444
685 3769 809 3812 memorat
853 3765 959 3824 loquar,
977 3775 1046 3825 quas
1062 3765 1103 3815 osi
1118 3767 1214 3828 pneris
1230 3773 1312 3815 notas
1327 3769 1390 3816 dum
1408 3781 1579 3831 eorrumpere

71 3839 112 3886 io.
129 3835 194 3887 44444.
209 3837 337 3885 1444144444
355 3839 381 3885 44
398 3835 464 3885 trist.
482 3836 676 3886 tleiibronnensi
696 3849 753 3899 444.
767 3837 807 3886 itt.
852 3838 980 3899 laborari,
999 3845 1024 3887 te
1041 3839 1164 3889 omnibus
1181 3842 1296 3890 eruditis
1307 3849 1338 3890 et
1354 3844 1528 3904 pravissimis
1540 3844 1580 3892 oi·

72 3913 188 3958 ioannes
204 3909 234 3957 44
250 3907 273 3956 44
286 3908 364 3958 Gellio
382 3912 460 3957 etism
476 3911 614 3959 editionem
626 3913 749 3960 44444404
764 3921 808 3960 eo-
851 3914 893 3960 ris
914 3913 1032 3961 ridicula
1060 3913 1181 3974 praebes.
1200 3915 1287 3962 Pudet
1303 3928 1344 3964 me
1360 3917 1481 3977 prosecta
1498 3931 1529 3966 ea
1546 3918 1577 3966 in

71 3985 130 4033 deso
145 3987 175 4033 Α.
192 3981 260 4030 titt.
278 3985 369 4031 41444444
385 3980 478 4030 tactem
497 3982 530 4030 ab
547 3981 662 4032 udalrico
680 3983 761 4032 Gallo.
852 3985 968 4034 medium
986 3985 1131 4048 proferre,
1149 3999 1216 4048 quae
1232 4001 1249 4034 a
1267 3993 1292 4034 te
1310 4001 1365 4035 non
1381 3989 1472 4050 inepte
1489 3991 1577 4038 nsinus

117 4055 144 4118 4)
159 4059 319 4106 tticrocetur
332 4055 468 4102 Antonius
481 4053 554 4112 4144,
567 4055 685 4117 4444114444
699 4055 808 4104 4441441·
852 4071 931 4120 qnnm
949 4071 1089 4120 perperam
1115 4065 1210 4107 notata
1229 4065 1292 4107 sunt
1309 4067 1388 4121 4444444
1406 4062 1577 4123 reprehensa.

73 4131 98 4181 lo
116 4144 179 4194 pag.
194 4129 234 4179 48.
251 4130 372 4178 44444441
397 4129 428 4179 44
447 4129 618 4191 scriptoribus
640 4129 807 4180 ttedloisneo·
852 4133 926 4193 llopo
945 4133 1032 4194 ipirur
1049 4139 1084 4193 te,
1097 4139 1127 4180 at
1141 4134 1171 4181 in
1187 4133 1237 4182 444
1252 4146 1281 4182 44
1300 4135 1437 4188 Aurelium
1453 4137 1581 4198 44444441·

72 4207 155 4256 sibus.
174 4203 242 4254 triers
261 4211 300 4254 est
314 4202 454 4254 ttsudeosts
470 4201 529 4253 044.
546 4206 695 4264 lituorum,
714 4205 807 4254 14444·
852 4219 917 4256 nam
927 4207 1056 4256 imiteris.
1068 4207 1237 4258 detractavit
1247 4207 1293 4256 ilie
1310 4209 1352 4258 eir
1368 4221 1451 4269 aeque
1464 4211 1576 4271 sapiens

71 4280 185 4332 lanensis
202 4281 301 4342 444444,
321 4280 392 4340 cujus
408 4278 633 4328 obsecrationibus
654 4279 684 4329 de
703 4278 806 4340 linguae
852 4292 884 4327 aa
903 4287 1035 4342 sonorus,
1054 4293 1121 4344 qnae
1146 4282 1330 4343 imprudenter
1353 4284 1463 4334 errauit.
1486 4285 1578 4333 Retra-

72 4359 181 4406 4411444
198 4355 343 4414 classaria,
359 4355 445 4402 nescio
462 4364 494 4400 an
512 4351 722 4416 4414144444444
741 4365 806 4404 444·
853 4361 896 4402 eta
916 4356 997 4404 etiarn
1017 4363 1066 4419 ta,
1085 4356 1110 4403 si
1129 4355 1180 4404 titi
1196 4363 1306 4406 constas
1318 4396 1326 4416 ‚
1339 4371 1406 4420 quae
1424 4360 1513 4406 sciens
1530 4371 1578 4406 oo·

73 4442 159 4480 4444444
178 4427 296 4491 44444444
312 4427 460 4474 torrentius
478 4425 555 4475 vallo.
572 4429 750 4488 ttaudcnsrm,
767 4428 801 4476 ob
852 4429 960 4491 14444444
978 4431 1049 4479 male
1075 4431 1221 4493 scripsisti.
1245 4433 1322 4496 Quod
1341 4433 1366 4480 si
1390 4432 1507 4494 seceris,
1525 4447 1581 4482 non

75 4515 209 4553 4444444444
223 4503 249 4550 44
270 4499 429 4549 4444440444
447 4497 524 4549 istam
542 4503 707 4574 reprehendit
725 4505 805 4552 4444·
851 4505 999 4553 modestice
1012 4513 1037 4556 et
1051 4507 1227 4556 verecundiae
1239 4509 1579 4569 minaspnamsapientias

76 4579 159 4628 eiseos
177 4573 298 4624 Pbitelius
323 4573 388 4624 ttbro
405 4577 433 4625 v.
449 4573 564 4636 44444444
588 4576 648 4625 etsta
672 4587 715 4626 so.
735 4575 805 4626 titt.
851 4579 1004 4632 laudatore.
1015 4581 1400 4632 ratetnntotanrnortsstmc
1413 4590 1578 4646 conspectum

78 4651 176 4704 Veiiem
192 4652 314 4714 equidem
324 4687 334 4714 ,
346 4657 424 4712 pater
444 4652 563 4714 optime,
580 4651 614 4700 444
630 4655 704 4702 omni
719 4653 803 4702 istius
853 4659 1077 4706 44444441444444444
1090 4659 1116 4705 44
1128 4656 1263 4718 theologia
1276 4669 1391 4707 errorum
1403 4656 1472 4706 dedit
1495 4659 1572 4713 cirri·

76 4728 149 4776 modi
180 4725 316 4776 scribendi
340 4738 436 4788 ponere
452 4731 477 4774 te
503 4727 704 4789 continuisses,
721 4739 804 4790 nepus
852 4731 949 4780 stisnus
961 4731 1270 4791 rotrerusmmoenttatum
1282 4731 1404 4794 philolog.
1419 4738 1479 4782 tom.
1493 4729 1515 4786 l.
1530 4743 1582 4798 ser·

77 4815 135 4852 enm
147 4801 303 4852 insaniente
317 4801 441 4852 Candido
455 4799 598 4852 Decembre
611 4802 734 4867 desipere
745 4802 805 4866 ipse
851 4815 927 4853 mona
939 4807 1019 4854 xxvi.
1034 4815 1092 4869 444.
1108 4803 1164 4854 tls.
1177 4817 1230 4871 seq,
1242 4810 1312 4856 44444
1334 4804 1405 4857 tiit.
1417 4805 1442 4858 4.

1169 4907 1226 4970 itt
