3562 5582
263 101 350 190 nro'
631 109 632 112 ‘
932 121 1080 186 nuno

302 229 460 314 Speculum
485 227 679 292 sacerdotum
695 234 724 290 ct
743 229 913 304 4444444444,
934 230 972 292 44
1029 232 1169 308 excerpta
1184 244 1250 308 pag.
1263 226 1322 290 654
1339 235 1370 290 44
1384 245 1422 292 ex
1438 231 1558 310 epistola
1574 234 1714 299 EUGONlS

262 326 403 406 Symbola
430 331 461 384 44
489 321 593 383 Officio
624 324 740 384 Missae.
768 323 861 403 Lugd.
883 323 970 386 4554.
1027 320 1161 384 44444444
1189 321 1413 399 cluniacensis,
1428 323 1465 384 ad
1486 325 1615 389 Pontium
1633 326 1715 390 hbba-

303 422 387 481 hisce
413 415 491 496 apud
522 415 675 488 Qnetilnm
708 422 779 478 tom.
802 419 828 478 4.
851 434 879 495 p.
902 415 970 478 404.
1026 424 1088 479 tem
1111 431 1315 477 successorem
1334 416 1465 494 lingonis
1481 415 1596 484 Abbatis
1611 437 1636 497 p.
1656 421 1712 482 048.

262 531 325 592 seq.
345 511 505 584 adduntur,
516 507 629 589 Regula
644 509 878 576 carmelitarum
891 527 971 571 reco·
1027 517 1058 572 44
1072 512 1134 571 vita
1148 509 1186 570 ab
1202 508 1306 571 eodem
1329 511 1469 572 Monecho
1483 510 1598 590 {scripta
1613 529 1640 590 p.
1657 514 1712 573 459.

258 608 355 688 pnite,
376 622 464 684 quarn
488 605 687 668 Innocentius·
702 605 749 665 lV.
774 604 882 669 deinde
903 622 973 666 oon·
1028 621 1091 681 seq.
1105 604 1321 665 Praetutianum
1337 603 1486 665 GlLONlS
1502 605 1713 666 Tusculanensis

261 702 400 762 firmavit.
434 699 597 760 Processus
618 697 649 757 iu
681 695 790 759 librum
817 697 976 778 Evangelii
1026 699 1163 778 Episcopi
1174 695 1352 758 adeundam
1365 696 1715 759 PontinmediditEdmnn·

259 791 382 853 oeterni.
398 789 568 873 Drpiomnta
584 790 619 852 dc
631 789 704 873 festo
716 792 859 873 caparis
877 793 974 855 64444·-
1026 790 1085 853 dus
1101 793 1233 852 44444444
1246 796 1318 850 tom.
1330 792 1357 851 4.
1372 789 1576 850 anecdotorum
1588 807 1645 868 pag.
1659 791 1714 852 stt.

259 885 300 945 sti
313 889 342 946 ct
360 885 395 945 de
412 883 594 946 solemnitate
605 885 640 944 lt.
658 885 805 946 nominat
822 884 973 950 celebran-
1027 883 1100 946 Vide
1117 885 1206 944 etiam
1222 883 1421 944 Sirmoudum
1435 883 1472 944 44
1487 881 1611 944 Godiridi
1625 881 1717 969 Virdo

259 978 314 1040 dis.
331 980 456 1041 Summo
472 977 507 1040 de
519 975 657 1042 Casibus.
672 979 874 1041 Seminarium
883 997 975 1061 prae-
1027 978 1160 1039 cinensis
1170 976 1217 1038 lV.
1236 978 1264 1036 4.
1277 976 1374 1055 Epist.
1382 981 1453 1036 tom.
1461 979 1489 1038 3.
1503 978 1574 1056 Opp.
1590 992 1649 1055 pag.
1660 975 1715 1036 784.

258 1071 424 1134 dicationis.
443 1073 486 1133 lte
497 1089 601 1153 popm
620 1072 769 1134 Virtutum
780 1079 810 1135 et
821 1069 972 1136 uitiorum.
1028 1073 1062 1132 in
1079 1069 1217 1132 Andreae
1229 1068 1271 1130 dn
1287 1069 1405 1132 Chesne
1420 1070 1593 1130 Bibliotheca
1614 1068 1717 1130 Clunia-

299 1165 405 1228 HUGO
425 1165 461 1226 de
484 1166 590 1228 Castro
611 1166 694 1226 Nouo
716 1168 746 1225 in
766 1165 891 1245 Anglia,
915 1170 974 1230 Du·
1029 1166 1112 1226 censi
1123 1171 1192 1243 post
1202 1163 1300 1224 Vitam
1314 1164 1444 1242 lingonis
1455 1180 1518 1242 pag.
1529 1163 1579 1223 434
1595 1162 1717 1238 scriptam

259 1262 423 1324 nelmensis
437 1261 598 1334 dioecesis,
614 1262 749 1322 Minorita
773 1262 850 1322 iuter
870 1260 974 1324 delen·
1026 1255 1243 1320 abHitdeberto
1254 1263 1285 1318 44
1299 1257 1423 1319 alteram
1435 1273 1452 1318 a
1466 1254 1603 1318 Eunucho
1613 1253 1716 1332 liugom

258 1371 343 1415 sores
358 1357 494 1417 Doctoris
511 1353 629 1415 subtilis
650 1355 716 1414 sive
743 1355 865 1415 loannis
892 1356 972 1417 Scoti
1028 1369 1092 1430 pag.
1116 1352 1173 1412 438
1191 1353 1278 1430 (quae
1294 1356 1394 1411 exstat
1418 1352 1507 1412 etiam
1523 1347 1598 1428 apud
1614 1347 1717 1408 Surium

257 1443 315 1506 An.
345 1447 419 1506 4340
451 1445 528 1507 4344
548 1444 586 1504 ad
607 1461 684 1524 quos
704 1458 799 1504 annos
822 1443 972 1506 videndus
1027 1447 1065 1508 49
1083 1445 1187 1524 April.)
1208 1452 1239 1506 et
1264 1444 1418 1522 Anonymi
1434 1444 1601 1504 relationem
1616 1439 1717 1516 deeras

241 1538 447 1618 'Waddingus
472 1545 543 1598 tom.
565 1539 593 1598 3.
619 1536 726 1599 huual.
749 1537 874 1616 Scripsit
893 1545 973 1600 teste
1030 1539 1182 1600 miraculis
1209 1554 1276 1617 pag.
1306 1535 1373 1598 447.
1401 1543 1432 1598 44
1450 1534 1582 1615 liuponis
1603 1531 1717 1602 Eunuchi

257 1631 346 1694 Baleo
377 1631 424 1692 lV.
446 1630 540 1692 6844
567 1631 694 1694 obtorta
716 1630 844 1694 CHristi
869 1635 974 1692 contra
1027 1633 1160 1710 Epistola
1179 1631 1218 1693 ad
1241 1633 1377 1693 Pontium
1395 1647 1460 1710 pag.
1481 1628 1548 1691 464.
1574 1633 1604 1689 44
1625 1623 1716 1687 444444

257 1722 484 1786 4444444444.
502 1727 575 1787 Huic
594 1728 711 1787 Pitsens
728 1743 794 1806 pag.
815 1726 874 1787 365
890 1723 973 1788 addit
1030 1725 1215 1788 Venerabilis
1241 1723 1416 1802 rhythmum
1434 1738 1499 1804 pag.
1518 1721 1573 1784 460
1587 1725 1616 1780 44
1634 1717 1717 1777 Vario

257 1821 506 1880 commentarium
528 1825 560 1880 44
579 1820 859 1900 44444444444441.
881 1818 974 1882 libros
1028 1835 1095 1878 rum
1113 1817 1150 1878 44
1168 1819 1292 1896 lingone
1309 1815 1424 1878 Abbate
1442 1815 1607 1878 testimonia
1623 1829 1647 1890 p.
1660 1807 1714 1869 444.

257 1911 466 1984 Sententiarum
486 1919 518 1972 44
547 1917 709 1974 tractatum
731 1911 767 1974 dc
784 1910 873 1993 finali
890 1911 974 1974 ludi-
1028 1917 1197 1990 sequnntur
1225 1927 1292 1990 pag.
1320 1910 1386 1972 474.
1417 1909 1545 1990 Gregorii
1571 1906 1627 1968 Vll.
1652 1901 1715 1963 Petri

128 2031 134 2041 ·
256 2002 310 2064 cio.
340 2005 400 2066 Nec
421 2006 506 2086 plura
528 2003 715 2084 Waddingus
739 2008 767 2067 in
790 2007 974 2070 Bibliotheca
1027 2005 1163 2066 Damiani
1184 2011 1215 2064 et
1238 2003 1370 2065 Godiridi
1387 2001 1607 2066 vindocinensis
1620 1997 1652 2058 ad
1668 1997 1715 2056 lin·

255 2095 376 2158 Ordinis
396 2099 498 2160 ldinor.
521 2116 548 2175 p.
574 2086 631 2161 479
650 2116 705 2160 nec
727 2100 919 2162 Passerinus.
1027 2115 1134 2176 gonem
1151 2097 1319 2176 Epistulae:
1338 2095 1406 2158 inde
1423 2085 1714 2172 Hunonisipsinslipi

296 2189 313 2226 '¹
335 2191 368 2250 ln
390 2190 574 2252 Bibliotheca
595 2191 812 2253 benedictinor.
834 2193 973 2255 Coenobii
1025 2189 1119 2252 stolae
1132 2200 1163 2252 et
1183 2189 1327 2271 opuscula
1344 2207 1402 2252 sem
1418 2199 1450 2252 et
1469 2189 1533 2250 Vita
1546 2189 1578 2248 B.
1599 2177 1716 2248 Voratdt‘

257 2285 287 2344 S.
309 2287 346 2346 ht.
369 2283 526 2346 Scotorum
542 2285 687 2367 Viennae
708 2285 826 2347 'offendi
861 2287 971 2348 librum
1029 2285 1167 2364 discipuli
1184 2288 1232 2346 sni
1248 2303 1314 2364 pag.
1332 2285 1390 2347 404
1407 2292 1438 2345 44Ι
1454 2283 1618 2364 privilegia,
1634 2278 1713 2353 nuga

258 2378 350 2437 istum
371 2375 406 2438 da
431 2375 560 2438 Victoria
582 2375 680 2438 Cltisti
697 2384 803 2439 contra
820 2377 972 2441 Antichri
1028 2379 1075 2438 nis
1095 2385 1229 2458 tempore
1248 2377 1495 2440 cluniacensibus
1513 2385 1712 2448 concessapeg·

258 2474 320 2530 tum
346 2486 493 2534 excusum
514 2487 561 2531 an.
584 2471 671 2535 4474.
693 2472 807 2550 absque
833 2474 896 2534 loco
918 2477 974 2535 im·
1029 2471 1087 2534 507
1102 2488 1166 2551 seq.
1183 2472 1347 2550 Epistulam
1364 2471 1402 2532 ad
1419 2468 1583 2550 Philippum
1595 2468 1618 2525 4.
1633 2465 1713 2523 Fran·

257 2565 430 2641 pressiouis.
442 2561 558 2624 huthor
569 2564 973 2646 praelertnrMagrsterHupo
1027 2582 1132 2626 corum
1149 2568 1254 2645 ltepem
1280 2566 1416 2645 vulgavit
1436 2565 1595 2626 Dacherius
1610 2565 1671 2619 tom.
1688 2554 1711 2613 4.

257 2655 293 2716 de
312 2673 387 2718 novo
405 2657 512 2720 Castro
529 2655 730 2736 Parisieusis,
748 2676 804 2720 non
823 2676 894 2740 crgo
910 2661 972 2722 An·
1027 2661 1157 2738 spicileg.
1178 2676 1244 2738 pag.
1267 2659 1319 2720 tot
1344 2657 1491 2736 (editionis
1508 2670 1600 2716 novae
1614 2659 1676 2711 tom.
1689 2647 1711 2706 3.

257 2751 333 2830 glus.
531 2821 533 2826 ,
640 2803 647 2816 .
831 2824 834 2830 ,
1025 2771 1091 2834 pag.
1106 2756 1183 2831 643.)
1195 2761 1226 2815 44
1242 2756 1362 2816 Sintula
1379 2757 1408 2815 in
1426 2755 1549 2833 gratiam
1563 2742 1713 2841 44444444

296 2845 399 2907 HUGO
419 2844 455 2907 de
476 2842 601 2908 cleeriis
622 2848 705 2913 btiles
725 2846 971 2926 andegavensis,
1026 2849 1197 2928 spaniarum
1219 2850 1324 2928 Regis,
1346 2855 1377 2909 et
1392 2850 1421 2908 in
1437 2847 1561 2927 gratiam
1584 2835 1712 2903 4444444

258 2941 397 3002 Falconis
423 2942 457 3002 V.
488 2941 613 3001 Comitis
635 2941 672 3002 ad
701 2940 885 3002 Lndovicum
917 2943 973 3002 444·
1026 2942 1152 3004 hbbatis
1169 2943 1199 3004 S.
1218 2944 1350 3017 bertini,
1365 2949 1438 3002 tom.
1456 2942 1483 3015 0,
1499 2955 1563 3019 pag.
1582 2937 1634 2996 445
1655 2927 1712 3007 (edi-

258 3051 325 3111 gem
347 3036 477 3113 Legatus
500 3041 569 3113 post
592 3033 715 3096 Annum
743 3035 821 3096 4440
852 3038 972 3114 scripsit
1026 3036 1115 3096 tionis
1137 3052 1232 3097 novae
1246 3042 1325 3097 tam.
1344 3035 1380 3110 3,
1398 3051 1462 3114 pag.
1490 3032 1568 3109 408.)
1584 3022 1710 3106 Epistohs

260 3126 511 3190 Commentariun
527 3126 563 3188 de
580 3128 732 3208 Majoratu
753 3133 783 3188 et
801 3127 972 3189 Serresclral
996 3179 999 3192 .
1024 3136 1153 3206 quatuor
1171 3129 1210 3190 ad
1225 3131 1380 3209 hugonem
1393 3130 1520 3206 scriptas
1536 3120 1648 3186 exhibet
1659 3117 1710 3176 lan·

259 3219 301 3280 lua
316 3220 475 3294 Francius,
488 3219 717 3300 Andecavorum
728 3221 797 3282 olim
810 3219 973 3285 Comitibns
1025 3222 1114 3284 datus
1134 3225 1265 3286 Murteae
1287 3224 1393 3285 tomi
1429 3219 1634 3282 anecdotorum
1656 3221 1708 3288 pli·

257 3311 450 3375 hereditaria.
475 3315 577 3376 Edidit
600 3316 778 3377 sirmondus
801 3332 836 3376 ac
854 3316 967 3377 calcem
1027 3318 1084 3377 309
1102 3318 1169 3379 343.
1186 3317 1261 3377 Acta
1277 3313 1457 3379 Concordiae
1474 3317 1502 3374 in
1519 3309 1641 3375 Concilio
1655 3302 1710 3364 644-

258 3411 397 3468 4444444
419 3409 459 3482 44
474 3409 583 3469 librum
604 3411 743 3486 quintum
770 3410 972 3488 Epistularum
1028 3417 1202 3472 romontano
1231 3411 1287 3472 hu.
1310 3409 1394 3472 4096.
1421 3410 1509 3468 initae
1536 3421 1603 3468 oum
1627 3394 1710 3460 Pontio

248 3496 398 3559 'Godilridi
426 3500 631 3562 Vindociensis
658 3503 749 3562 Paris.
780 3503 868 3563 4640.
885 3503 913 3563 8.
942 3509 974 3562 44
1027 3503 1247 3566 hbbateCasae
1262 3505 1324 3580 Dei,
1339 3501 1417 3580 apud
1432 3501 1583 3562 Baluzium
1600 3486 1710 3554 tamil-

257 3595 329 3652 tom.
344 3593 371 3652 3.
390 3593 465 3671 Opp.
487 3592 636 3654 Sirmondi
658 3611 722 3672 pag.
741 3593 809 3654 875.
828 3595 886 3658 878
906 3593 972 3656 inde
1026 3597 1148 3658 44444444.
1168 3614 1237 3676 pag.
1261 3597 1326 3658 444.
1344 3595 1466 3656 Donatio
1483 3591 1593 3672 hugoni
1612 3579 1714 3650 644444.

251 3682 392 3774 4444444
405 3682 446 3745 du
460 3685 579 3747 Ghesne
594 3692 666 3745 tom.
685 3686 712 3744 4.
729 3687 856 3766 scriptor
873 3687 910 3749 de
925 3705 972 3748 re
1025 3691 1106 3750 censi
1120 3689 1197 3752 lacta
1207 3686 1569 3772 abEngoaeLugdunensi
1579 3681 1646 3758 id.p.
1657 3673 1711 3735 485·

255 3775 313 3838 bns
328 3777 466 3838 Francor.
483 3793 548 3856 pag.
562 3777 620 3838 348
638 3783 669 3838 44
685 3777 826 3842 Baluzins
852 3787 924 3841 tom.
944 3782 971 3841 4.
1065 3780 1082 3818 *
1102 3783 1145 3844 De
1174 3784 1308 3864 epistulis
1338 3788 1369 3844 et
1400 3780 1551 3860 opusculis
1579 3767 1710 3852 scriptoris

256 3869 378 3931 Miscell.
396 3888 461 3950 pag.
485 3870 553 3930 479.
1026 3875 1116 3935 buius
1144 3875 1371 3956 diligentissime
1403 3891 1455 3952 pro
1486 3889 1539 3933 suo
1560 3883 1638 3930 more
1663 3861 1712 3938 agii

245 3967 248 3972 '
295 3963 398 4026 HUGO
415 3965 574 4041 Dalmatii,
592 3965 693 4028 Abbas
712 3964 917 4031 Clunracensis
934 3971 971 4031 ab
1026 3971 1154 4030 Historia
1171 3971 1325 4032 litteraria
1347 3967 1457 4028 Galliae
1474 3971 1495 4025 t.
1513 3967 1554 4026 lx
1576 3963 1637 4025 464.
1657 3950 1710 4016 487·

253 4057 340 4120 huno
361 4059 439 4120 4048
456 4059 493 4120 44
515 4059 593 4122 4409
611 4059 648 4122 44
669 4077 728 4138 qno
751 4063 971 4142 Papebrochius
1024 4063 1067 4124 Ea
1088 4065 1242 4124 occasione
1264 4063 1301 4123 ibi
1330 4062 1439 4141 pariter
1469 4061 1621 4138 corrigitur
1647 4062 1711 4110 erra

253 4159 325 4214 tom.
343 4156 370 4215 3.
390 4152 455 4215 Act.
474 4154 652 4219 Sanctorum
671 4154 781 4234 Aprilis
798 4158 836 4219 49
854 4175 881 4236 p.
901 4157 968 4218 648.
1024 4163 1088 4217 tum
1110 4156 1255 4218 Fabricii:
1278 4157 1329 4234 qui
1350 4156 1379 4215 in
1399 4153 1454 4214 bac
1471 4153 1535 4231 ipsa
1553 4142 1710 4211 Bibliotheca

253 4247 303 4307 ubi
320 4249 381 4308 vita
395 4251 507 4326 scripta
521 4248 558 4308 ab
572 4249 970 4314 HILDEBERTOGenomn·
1023 4249 1073 4310 lib.
1093 4251 1141 4310 Vl.
1163 4251 1231 4309 444.
1263 4249 1325 4310 4444
1356 4247 1512 4325 hamburg.
1534 4241 1656 4304 libellum
1682 4228 1710 4290 dl

255 4344 340 4401 uensi
355 4359 420 4422 pag.
442 4342 500 4404 034
525 4347 556 4403 44
582 4359 600 4402 4
626 4342 831 4410 nnYnhnno
855 4342 969 4414 Abbalc
1022 4341 1179 4405 miraculis
1200 4345 1232 4404 B.
1251 4345 1286 4404 44.
1308 4343 1386 4420 Virg.
1418 4333 1631 4403 suessionensis
1660 4323 1711 4388 llu-

254 4432 465 4513 Vezeliacensi,
480 4436 588 4498 deinde
606 4435 746 4514 Archiep.
761 4436 853 4516 bugd.
869 4455 897 4516 p.
911 4438 969 4498 648
1023 4441 1091 4517 goni
1111 4437 1179 4498 huic
1195 4425 1384 4499 cluniacensi
1403 4435 1537 4494 tribuerit
1550 4445 1614 4491 cum
1630 4423 1709 4498 reipsa

254 4531 285 4584 et
298 4525 441 4606 Synopsis
464 4529 615 4608 ejusdem,
633 4529 774 4594 versibus
791 4532 884 4611 elegis
901 4550 967 4612 pag.
1023 4533 1063 4592 sit
1092 4532 1224 4610 lingonis
1243 4530 1372 4604 Farsiti‚
1393 4528 1430 4589 de
1450 4543 1506 4604 qno
1528 4526 1599 4585 torte
1614 4519 1648 4579 ibi
1667 4515 1709 4614 Fa·

176 4651 184 4666 .
255 4618 313 4678 664
330 4627 360 4680 44
377 4623 504 4699 epitome
526 4625 660 4686 vitaeab
680 4626 851 4689 EZELONE
869 4633 901 4689 et
917 4628 969 4688 Gl-
1022 4625 1132 4685 bricius
1150 4625 1219 4704 agit.
1240 4622 1285 4683 hn
1308 4623 1406 4699 reipsa
1427 4621 1498 4680 haec
1528 4618 1566 4676 ibi
1597 4608 1708 4673 Fabricio

254 4713 354 4774 LONE
375 4715 525 4778 hionachis
550 4719 816 4797 Cluniacensibns,
833 4725 967 4800 proxime
1022 4717 1206 4793 exciderint,
1228 4731 1298 4777 cum
1330 4715 1471 4775 volumen
1494 4708 1562 4772 illud
1587 4700 1708 4768 Venetas

253 4805 291 4867 ab
307 4808 388 4871 obitu
409 4809 509 4872 Sancti
529 4814 639 4890 scripta
653 4819 684 4873 et
701 4830 754 4891 per
771 4814 965 4892 anonymum
1019 4813 1081 4890 jam
1102 4811 1298 4873 trasmiserim
1328 4806 1534 4871 excudendum
1563 4793 1709 4878 deprehen·
