3596 5610
238 131 299 194 sto
863 125 1116 190 JOANNES

237 241 317 300 enlm
339 239 451 300 Phocoe
471 235 596 312 arripuit
616 241 747 295 exeunte
769 251 848 294 anno
882 235 953 295 604.
1026 232 1259 309 Grammaticos,
1276 235 1390 296 llodnnr
1405 237 1616 318 rlretoricendi,
1629 243 1719 306 locale

237 335 280 394 De
301 350 336 394 oo
357 333 387 392 S.
410 329 541 390 Isidorus
561 329 659 408 000440
677 329 710 390 34
737 329 804 389 libri
818 329 857 390 de
877 329 957 390 Viris
1022 343 1160 386 onrenm.
1172 327 1214 388 De
1223 326 1411 409 fabricandis
1422 329 1719 412 Epistolir.Deltnndi

238 425 417 496 lllustribus,
430 421 582 482 llonorius
593 422 669 500 hug.
683 421 773 483 libelli
790 424 818 482 3.
831 437 897 500 cap.
912 421 959 482 37.
1022 417 1180 480 aetatibus.
1199 421 1235 480 ln
1251 421 1465 502 epigrammata
1492 422 1632 488 THOMAE
1652 431 1719 491 lun-

121 505 124 511 ’
238 519 430 590 Trlthcmius‚
443 516 598 586 Batonius,
612 515 750 592 44004000,
762 517 961 591 44400000οι0.
1014 511 1091 594 glay.
1106 513 1142 572 ln
1156 513 1307 576 Boethium
1324 515 1360 576 de
1373 515 1580 580 consentione.
1594 521 1660 583 Vide
1671 525 1719 586 80·
1785 515 1786 528 ¹

279 615 399 674 Praeter
415 605 559 686 liepulom
586 611 765 670 llonasterio
786 626 841 670 suo
861 611 961 687 00040-
1014 606 1092 668 lenm
1115 608 1191 670 Vlll.
1213 609 1241 667 4.
1263 615 1294 669 04
1309 609 1441 671 Pitseum
1463 627 1527 692 pag.
1542 613 1605 673 689.
1784 557 1786 642 ι

238 714 353 778 turam,
372 703 462 780 cujus
479 701 613 762 Isidorus
638 711 669 762 04
686 704 833 764 llonorius
853 703 960 763 memi-
1046 698 1217 762 404444488
1230 700 1266 762 de
1280 701 1428 764 84000000
1449 705 1638 786 Burgundus,
1654 711 1716 770 Jura

238 801 300 873 uit,
335 798 402 856 sive
421 793 678 856 xexhortatorium
710 795 752 857 ud
779 795 957 871 Monachus,
1011 794 1166 872 protessus
1182 799 1335 858 Bononiae
1353 797 1399 858 40
1421 797 1508 860 4456.
1537 799 1720 880 scrips‘itor·

238 901 273 954 04
303 909 321 952 0
354 890 520 951 Trithemio
540 891 727 968 appellatur,
745 890 794 950 hio
827 893 958 950 loannes
1011 885 1110 948 dinem
1125 887 1328 950 iudiciurinm
1345 936 1352 966 ‚
1368 896 1399 951 et
1415 890 1571 954 variorum
1587 895 1719 973 qnnesh’o·

236 986 378 1047 chronico
400 984 536 1054 Victoris,
557 986 773 1046 Tunnunensis
807 986 836 1042 in
861 983 958 1044 Africa
1011 996 1083 1041 num
1104 981 1222 1058 librum,
1244 1001 1340 1045 unum
1361 981 1397 1044 de
1420 981 1518 1066 (endis
1538 994 1571 1046 et
1590 987 1719 1068 honupir'r

235 1081 391 1160 Episcopi,
408 1076 522 1138 addidit
546 1075 763 1157 Appendicem,
782 1079 847 1138 sive
865 1075 960 1140 Chre·
1010 1073 1152 1151 alterum,
1169 1075 1251 1136 unde
1263 1077 1325 1136 lere
1336 1081 1436 1139 omnia
1447 1077 1482 1140 ad
1494 1097 1558 1141 eam
1580 1085 1719 1142 materian

237 1173 325 1234 nieon
340 1170 379 1232 06
394 1187 471 1231 anno
486 1169 585 1250 primo
600 1171 713 1232 4004404
726 1171 767 1231 11.
782 1172 854 1252 Imp.
872 1169 960 1232 cliri-
1017 1169 1198 1244 pertinentia
1214 1167 1291 1230 0044.
1304 1171 1464 1232 Durandus
1476 1173 1510 1234 ad
1527 1175 1718 1235 exornandum

235 1265 526 1330 rtionoeoeraeiiiic
538 1281 633 1345 usqne
646 1264 689 1326 od
703 1281 817 1326 unnnrn
831 1266 861 1326 8.
878 1265 960 1326 4400-
1013 1262 1170 1339 speculum
1186 1279 1278 1324 suum
1297 1271 1344 1324 est
1362 1271 1525 1344 mutuatus,
1539 1274 1573 1328 ut
1590 1276 1720 1329 notatum

236 1363 583 1440 ritiilmp.etquartum
597 1359 740 1420 hecaredi
758 1357 962 1439 4400406404-
1015 1355 1178 1417 Pauclrollo
1200 1357 1235 1416 ll.
1268 1357 1306 1417 38
1336 1357 1375 1417 de
1404 1360 1483 1420 luris
1516 1361 1722 1442 interpretibus.

238 1457 277 1516 sti
300 1455 358 1516 600
382 1453 528 1516 henricus
549 1453 690 1514 canisius
716 1453 918 1532 Noviomagus
938 1451 962 1510 l.
1015 1447 1141 1526 Scripsit
1158 1457 1189 1508 et
1209 1449 1245 1510 de
1262 1447 1433 1513 4044004600
1446 1451 1655 1514 Advocatornrn
1669 1455 1723 1530 ivo

239 1551 272 1612 c.
294 1557 325 1608 et
346 1548 399 1609 SS.
417 1548 574 1608 Canonum
592 1548 746 1608 Professor
771 1547 961 1620 ordinarius,
1016 1541 1118 1601 lumen
1135 1559 1260 1622 magnae
1284 1545 1430 1620 utilitatis,
1448 1552 1534 1608 vocat
1547 1547 1723 1608 trithemius

239 1643 426 1720 descriptum
445 1657 462 1701 0
478 1641 511 1700 it.
529 1643 561 1701 P.
577 1640 697 1702 Andrea
718 1642 843 1703 Schotto
860 1657 896 1700 en
914 1655 963 1700 co·
1017 1648 1082 1713 cap.
1102 1635 1181 1712 4444.)
1198 1639 1227 1696 40
1240 1653 1299 1718 quo
1312 1634 1399 1716 ‘plura
1417 1656 1493 1719 quae
1511 1637 1662 1701 hodiedus
1675 1642 1723 1699 Be·

240 1735 306 1797 dice
322 1734 522 1796 Bibliothecae
538 1735 715 1810 intestinae,
737 1735 830 1796 edidit
848 1737 963 1816 primus
1018 1733 1209 1790 neventenus
1226 1733 1255 1790 40
1280 1738 1411 1793 40004040
1429 1730 1465 1793 de
1483 1733 1723 1793 lormulislibello·

240 1827 510 1908 lngolstadilanno
528 1827 605 1888 4600
633 1828 659 1886 4.
682 1830 787 1888 00040
813 1828 963 1905 Antiquae
1019 1839 1087 1884 rum
1121 1824 1310 1904 negligenter
1342 1825 1528 1902 tradiderat,
1558 1825 1722 1905 significarit

241 1922 392 1982 Lectionis
405 1921 515 1993 404040,
534 1917 613 1998 quod
632 1921 689 1980 4044
708 1921 777 1982 Ger.
799 1923 843 1981 lo.
866 1921 963 1981 Vossii
1019 1919 1226 1997 potiusquam
1248 1917 1451 1998 reprehendit.
1469 1919 1540 1982 Vide
1554 1919 1594 1980 lo.
1618 1919 1723 1980 lichar·
1784 1927 1786 1996 p

239 2008 417 2095 0000000060
446 2009 625 2094 4404000000,
652 2014 705 2074 sed
740 2032 809 2076 cum
846 2017 964 2075 Victore
1019 2009 1093 2070 dum
1112 2013 1140 2072 in
1152 2013 1229 2071 44440
1239 2009 1381 2074 ictorum
1398 2031 1467 2092 pag.
1479 2013 1535 2074 404
1552 2019 1581 2073 et
1597 2011 1723 2073 lleodrei·
1784 2005 1786 2142 1

240 2107 439 2169 4000000004
451 2104 622 2182 dumtaxat,
634 2107 962 2187 legationeLuitprandi
1019 2103 1077 2164 chii
1094 2105 1263 2184 pandectas
1280 2106 1503 2186 Brandenburg.
1521 2124 1583 2186 pag.
1599 2107 1648 2166 594
1666 2121 1721 2184 seq.
1785 2163 1786 2180 ,

191 2219 197 2232 ·
237 2200 275 2262 od
299 2197 503 2278 Nicephorum
522 2198 650 2261 Phocum
669 2202 744 2280 lmp.
763 2200 885 2279 synodo
907 2203 964 2262 80-
1062 2197 1237 2261 4044444448
1267 2197 1439 2260 Blomendol
1469 2201 1533 2260 sive
1564 2196 1723 2259 liturnendol

238 2295 358 2368 varica,
380 2301 438 2354 etc.
455 2293 635 2354 Franciscus
653 2292 722 2354 inde
742 2295 888 2366 schottus
907 2295 965 2355 tra-
1020 2290 1192 2353 Germanus
1207 2292 1277 2356 Ord.
1301 2295 1403 2356 llinor.
1422 2293 1500 2356 circa
1513 2291 1570 2356 40.
1592 2293 1661 2354 4330
1676 2308 1721 2352 00-

237 2395 284 2448 ter
301 2389 330 2448 in
348 2393 455 2466 quarto
471 2386 630 2447 Volumine
652 2388 810 2466 llisponlee
832 2388 964 2448 illustra·
1018 2381 1070 2461 jus
1095 2385 1168 2448 nibil
1191 2389 1249 2448 nisi
1275 2389 1432 2450 Sermones
1452 2387 1489 2448 de
1513 2389 1669 2464 Tempore,
1687 2382 1720 2443 de

240 2487 288 2542 tue
309 2497 375 2560 pag.
403 2479 472 2541 468.
494 2481 630 2541 Francol.
652 2481 730 2541 4608
749 2480 796 2541 404.
818 2481 859 2541 Et
879 2480 960 2541 lose·
1021 2479 1141 2540 Sanctis
1161 2487 1193 2541 et
1212 2481 1496 2559 Quadragesimales
1512 2479 1718 2542 Trithemlusc.
1785 2489 1786 2492 ’

238 2573 319 2654 phus
336 2573 468 2651 Scaliger
493 2571 685 2634 emendatius
715 2573 819 2634 recudi
843 2576 963 2634 curavit
1019 2572 1129 2634 67800
1147 2575 1177 2636 S.
1194 2577 1229 2636 8.
1246 2581 1278 2634 04
1295 2578 1397 2653 script.
1419 2574 1518 2636 Germ.
1543 2589 1603 2652 cap.
1629 2571 1718 2633 40404

238 2667 336 2730 40004.
354 2666 411 2728 40.
431 2668 508 2730 4606
527 2666 575 2726 404.
593 2683 662 2726 cum
678 2667 830 2742 Eusebio,
848 2673 879 2726 ot
898 2668 964 2728 04440
1019 2665 1209 2745 Waddingus
1226 2685 1292 2747 pag.
1312 2670 1369 2730 404
1384 2675 1622 2730 commemorant.

238 2761 375 2841 pluribus
391 2761 645 2840 chronographis,
661 2763 690 2820 in
707 2760 863 2821 Thesauro
874 2763 964 2822 Tem·
1056 2759 1227 2824 4044444448
1244 2760 1375 2824 Blandus
1390 2765 1454 2824 sivo
1471 2759 1600 2822 Btnndno
1616 2759 1719 2840 hoglus

239 2871 358 2935 porum,
373 2856 425 2934 qui
443 2854 554 2934 praelis
566 2855 676 2916 iterum
692 2854 848 2916 subiectus
863 2853 961 2916 Amet.
1016 2856 1223 2917 concanonico
1240 2855 1422 2918 Eboraoeosi
1447 2857 1561 2917 electus
1583 2854 1719 2930 hrchiepi·

238 2947 319 3010 4648
339 2948 388 3008 lol.
404 2949 540 3025 Denique
558 2948 712 3009 canisium
725 2955 851 3010 secutus
865 2949 961 3010 Chro-
1016 2965 1128 3028 000000
1143 2950 1394 3024 cantuariensis,
1410 2948 1463 3010 sed
1480 2951 1526 3010 004
1544 2946 1713 3009 40004403.

240 3044 328 3102 04000
346 3042 402 3100 hoc
416 3039 511 3101 edidit
524 3039 693 3103 cardinalis
709 3041 837 3120 hguirre
849 3049 922 3103 tom.
932 3045 962 3106 4.
1016 3043 1158 3120 praeferri
1173 3111 1174 3114 Ἴ
1192 3045 1317 3122 contigit
1348 3042 1558 3105 Eadmundum
1586 3041 1713 3102 lliritinm

241 3135 354 3202 concil.
367 3135 565 3214 lllspenpeg.
585 3135 653 3196 444.
1016 3136 1082 3196 0400
1113 3136 1225 3210 444000,
1250 3138 1436 3199 canonicum
1472 3135 1704 3198 sarisberiensem

282 3228 299 3264 ¹*
320 3228 510 3306 Quamquam
531 3230 616 3288 loun.
635 3228 728 3290 huius
747 3228 908 3290 chronicon
931 3231 960 3290 40
1016 3228 1091 3290 Vide
1108 3231 1292 3292 llatthaeum
1315 3233 1397 3291 Paris
1415 3230 1452 3290 ad
1476 3229 1557 3290 illum
1574 3241 1675 3286 annum
1690 3243 1712 3302 p.

243 3329 366 3383 vetusta
392 3319 455 3382 edit
475 3321 623 3400 antiquar.
657 3322 819 3384 lectionum
851 3325 962 3385 canisii
1016 3323 1076 3385 404
1098 3324 1182 3386 etad
1204 3325 1261 3386 40.
1281 3325 1359 3386 itit
1381 3341 1450 3404 pag.
1470 3321 1537 3384 474.
1563 3323 1626 3400 lpse
1646 3317 1714 3378 dlern

244 3433 303 3474 non
317 3415 483 3494 legebatur,
495 3415 525 3474 in
541 3431 620 3476 nova
636 3423 740 3478 tamen
755 3417 892 3497 Basnagii
907 3435 962 3479 suo
1016 3418 1089 3479 obiit
1105 3420 1162 3479 40.
1182 3419 1270 3480 4448.
1292 3417 1365 3478 Vide
1395 3413 1556 3477 Lelandum
1579 3429 1637 3490 000.
1654 3407 1714 3470 itt.

247 3508 311 3568 loco
332 3509 481 3567 insertum
503 3515 551 3568 est
572 3513 654 3569 tomo
676 3513 704 3572 4.
1017 3512 1141 3574 Baleum
1160 3514 1210 3574 lll.
1227 3514 1266 3574 05
1283 3518 1315 3572 04
1338 3513 1471 3572 Pitseum
1493 3525 1557 3589 pag.
1575 3507 1637 3569 340.
1654 3501 1716 3566 44οΙ-

282 3599 453 3662 40444488
481 3601 688 3677 Diestemius,
718 3619 758 3662 ex
801 3605 963 3664 Diestemio
1017 3604 1081 3666 lum
1096 3605 1163 3683 ejus
1180 3608 1326 3686 scriptum
1341 3603 1490 3666 lelandus
1503 3609 1665 3663 testatores
1677 3613 1716 3656 re

243 3693 434 3766 licabantus,
452 3689 811 3770 Bloerrn,(vitiosealibi
825 3691 962 3772 Blaesus)
1018 3699 1152 3776 perisse,
1180 3700 1291 3761 Baleus
1315 3703 1417 3758 autem
1447 3705 1479 3757 et
1505 3697 1633 3765 Pitseus,
1657 3688 1714 3765 elus

242 3785 406 3848 Monachus
423 3791 454 3844 et
470 3785 553 3845 Prior
572 3785 603 3846 S.
626 3787 728 3847 lacobi
751 3786 823 3848 Ord.
853 3789 962 3850 Bened.
1017 3791 1344 3853 Snmmorinmroeroe
1359 3787 1524 3850 Foentnttr
1540 3777 1713 3860 nescioquod

243 3877 418 3942 leodiensis
430 3877 509 3938 circa
521 3880 660 3940 004496
669 3878 758 3958 cujus
769 3880 906 3942 Historia
916 3899 965 3943 re·
1018 3881 1713 3964 040000040400008040400440000000000404.

241 3971 407 4034 0040440040.
424 3971 458 4031 B.
474 3970 614 4033 ,00440000
629 3974 816 4035 corneliensi
835 3975 963 4038 44430
1058 3979 1229 4041 40444408
1246 3975 1435 4038 8400400000
1449 3974 1612 4051 Theologus
1633 3971 1712 4031 Oreo.

243 4069 361 4140 400400,
378 4083 438 4144 qua
468 4073 568 4129 motus
597 4067 737 4130 Urbanus
765 4070 813 4130 lV.
839 4073 964 4132 Festum
1018 4073 1248 4136 carmelitarum
1267 4089 1320 4152 per
1334 4070 1472 4150 Angliam
1497 4061 1713 4130 Pmrlncioliset

242 4161 383 4240 Corporis
409 4161 524 4222 cllristi
552 4163 706 4236 instituit,
723 4164 802 4242 apud
819 4166 963 4226 Bzovium
1019 4168 1266 4229 Mooasteriorum
1284 4169 1314 4226 ln
1333 4165 1431 4227 Scotla
1450 4169 1480 4224 04
1509 4161 1637 4223 hibernia
1657 4155 1715 4212 viri-

243 4254 280 4315 ad
293 4255 378 4316 illum
396 4253 518 4314 hunum
538 4271 566 4314 n.
584 4257 663 4318 XVl.
680 4265 711 4318 et
728 4261 758 4319 in
775 4275 884 4338 magno
899 4275 967 4340 spe-
1021 4267 1099 4322 tator
1115 4260 1279 4322 defunctus
1295 4260 1351 4320 40.
1377 4259 1465 4319 4384.
1479 4255 1567 4334 cujus
1586 4263 1716 4313 000000·

146 4395 150 4404 .
243 4349 311 4409 0040
330 4347 551 4426 exemplorum:
566 4351 677 4410 iteruiu
689 4353 862 4428 iterumque
874 4351 966 4413 Duaci
1020 4355 1112 4414 iarios
1124 4352 1155 4413 in
1166 4349 1329 4414 lombardi
1343 4351 1391 4412 lV.
1405 4347 1497 4410 tidros
1511 4343 1714 4412 senonem,

244 4439 334 4500 edito.
350 4441 424 4502 Vide
442 4442 595 4504 Valerium
613 4441 766 4506 Andream
783 4462 850 4524 pag.
869 4445 935 4507 464.
1019 4446 1153 4508 libellum
1175 4445 1211 4506 de
1235 4449 1345 4525 septem
1363 4438 1537 4524 signaculis,
1555 4447 1584 4499 et
1601 4433 1718 4518 0000004·

284 4531 456 4596 40444488
482 4533 519 4595 de
548 4531 717 4616 Bluloeney.
739 4539 805 4597 siva
826 4535 967 4619 Biacwey
1021 4555 1088 4600 nem
1104 4537 1310 4619 Epistolnsnm
1328 4538 1396 4600 486.
1419 4533 1520 4597 400004
1545 4529 1718 4592 lelandusc

245 4625 506 4688 Nordovoloiensls
530 4629 646 4707 hnglus
666 4629 738 4691 Ord.
755 4632 785 4693 S.
813 4632 968 4692 Trinitatis
1023 4635 1089 4694 icil.
1107 4631 1231 4694 Addunt
1247 4632 1357 4693 804000
1373 4632 1405 4690 V.
1422 4629 1471 4690 44.
1489 4627 1602 4686 4440000
1617 4617 1714 4710 00434·
1777 4644 1779 4714 ,

245 4717 283 4778 dc
313 4717 497 4781 redemtione
524 4725 711 4801 captivorum
730 4728 829 4802 ,circa
845 4726 967 4788 hunum
1022 4735 1113 4805 atque
1136 4726 1275 4806 hlegrius
1301 4741 1366 4803 pag.
1389 4720 1456 4784 487.
1477 4709 1716 4780 Annototionnin

247 4811 967 4900 lll7.Gram1naticusscripsit:h⁷ecessiloqninm
1021 4811 1715 4902 Apocalypsin,hybernerrsinm(carmelitarum.
