3562 5582
242 76 301 136 290

330 181 405 254 lpais
426 181 519 239 lactus
537 181 656 241 similis.

327 265 398 324 Esca
417 265 535 336 acutri,
556 272 663 326 renter
682 269 774 338 escis,
840 268 842 272 ’

328 351 385 408 Nus
402 353 433 406 et
450 349 531 406 buno
550 349 672 410 frenare
691 353 803 422 nescis,

327 434 456 510 Propter
473 434 556 506 quod
574 451 606 494 es
625 436 742 511 fragilis

293 519 388 592 Surge
406 520 515 591 miser,
536 521 588 595 qui
607 522 772 593 dormiter,

326 601 450 660 imitare
467 604 642 664 coenobitas

325 687 530 761 Antiquarum
550 697 740 764 temporum:

326 770 383 843 Qui
402 777 539 832 tenentes
558 775 639 833 viam
658 775 756 843 ritae,

326 855 581 931 contempserunt
599 873 661 918 non
681 857 775 919 invite

327 940 421 1013 Opes,
441 943 521 999 vires
540 957 717 1016 corporum.

294 1024 389 1088 lirant
408 1024 522 1083 mundo
540 1027 676 1086 crucifixi

327 1107 402 1168 Cum
421 1109 525 1178 ritiis,
546 1118 577 1168 ct
595 1111 730 1170 transllxl

328 1192 489 1251 eharitatis
506 1193 619 1267 gladio.

327 1276 426 1334 Vitam
445 1277 523 1335 bano
542 1277 819 1352 parvipendebant,

326 1360 402 1420 Nam
421 1361 542 1420 coelesti
563 1361 785 1433 adhaerebant,

328 1445 433 1518 ideque
452 1445 612 1506 desiderio.

293 1527 497 1602 torpueratis
516 1529 721 1604 castigabant,

327 1612 520 1688 Lectionibus
535 1615 710 1686 vacabant,
773 1631 776 1639 ’

329 1697 366 1756 Et
383 1696 513 1756 orabant
528 1697 658 1774 iugiter:

329 1780 505 1856 Numquam
524 1789 612 1841 crant
630 1782 741 1854 ociosi,

328 1866 474 1926 Omnibus
492 1867 657 1926 affectuosi.
758 1873 761 1882 '

328 1951 427 2024 Vade,
447 1951 494 2010 lac
511 1951 664 2010 similiter.

299 2035 334 2092 Et
352 2049 497 2094 conserva
514 2042 544 2093 te
562 2034 725 2104 dovotum,

331 2118 482 2193 Quicquid
500 2119 585 2178 rides
603 2119 674 2192 iugc
691 2123 810 2184 totum,

331 2203 541 2276 Paupertatem
560 2203 648 2276 elige.

330 2287 397 2346 Non
416 2292 447 2346 te
465 2287 548 2346 locus
566 2287 692 2344 vilitatis

334 2372 449 2444 angat,
471 2369 521 2429 vel
544 2370 764 2441 extremitatis,

332 2452 390 2513 Sed
408 2455 518 2513 nesciri
538 2455 644 2529 dillpc.

296 2537 338 2595 Te
357 2539 494 2611 praelato
512 2537 710 2615 subjugabis:

330 2621 479 2697 Quicquid
497 2623 599 2695 lubet,
620 2623 810 2694 otuervabis,
852 2638 859 2660 ·

332 2705 368 2764 lit
385 2705 444 2764 hoc
459 2708 646 2767 voluntarla.

331 2791 550 2864 annotatorum,
561 2795 624 2852 noli
642 2791 780 2867 judicare

332 2875 440 2948 Nacta,
459 2877 629 2936 sod‘ritarc

331 2958 428 3018 liabeo
444 2959 486 3018 iel
507 2961 652 3020 invidiae.

296 3043 502 3119 'semetipsum
520 3045 725 3119 reprehende,

330 3129 500 3202 Diligenter
518 3136 549 3188 et
566 3129 691 3188 attonde

329 3212 374 3272 Nc
391 3227 565 3288 quenquam
584 3226 717 3286 unquam
736 3211 868 3284 judiees:

331 3296 389 3355 Pro
408 3303 439 3356 to
458 3297 590 3356 roddens
607 3298 778 3366 rationem,
848 3317 849 3322 ¹

329 3381 500 3455 Antequam
520 3382 658 3457 proter-as
675 3391 864 3449 sermonem,

331 3463 369 3522 Ut
388 3466 517 3540 teipsum
535 3461 682 3524 rladices.

296 3549 362 3607 Erit
381 3548 438 3608 tibi
456 3550 604 3621 salutare,

332 3635 361 3694 Si
381 3635 496 3707 amari,
516 3639 546 3693 et
565 3647 671 3693 auaro

330 3717 458 3777 Omnem
478 3718 636 3778 bominem
652 3715 784 3778 studeas.

330 3801 477 3878 Quicquid
498 3801 589 3874 lucia,
608 3801 793 3876 reprobatur

329 3887 418 3962 Apud
435 3887 551 3956 buon,
570 3899 625 3946 neo
644 3885 799 3952 laudatur,

329 3971 392 4032 Nisi
408 3983 512 4047 meam
535 3977 651 4031 tenera

278 4057 466 4133 'biligantur
481 4057 627 4132 torenna,

328 4141 519 4202 venerentur
536 4141 689 4211 seniores,

327 4227 397 4284 Esto
416 4225 526 4284 charus
544 4222 697 4284 omnibusa

327 4311 394 4370 Noa
413 4309 541 4380 accipias
560 4321 741 4382 perronam,

327 4395 386 4456 Sed
405 4391 521 4451 amabis
539 4395 634 4450 vitam
652 4391 763 4449 bonam

328 4476 361 4535 ln
380 4479 495 4536 eunetis
515 4474 702 4536 bominibus.

239 4595 240 4600 κ
295 4561 330 4618 lit
348 4564 480 4634 gaudere
499 4577 568 4622 com
588 4561 756 4636 gaudente,

329 4645 443 4702 Bonum
463 4653 525 4717 cst,
547 4646 638 4705 Paulo
658 4645 793 4714 dicente,

1105 185 1142 244 ut
1159 185 1233 244 llere
1251 199 1318 244 cum
1337 183 1484 243 bentibus.

1105 259 1268 328 Ordinatur
1288 269 1447 337 ordinatis,

1105 353 1224 412 Patiens
1243 352 1422 411 inordinatis

1104 437 1170 496 Eris
1189 438 1248 498 tuis
1266 435 1421 496 iratribus.

949 517 962 605 ‚⁴
1070 506 1239 594 corporum
1255 521 1466 593 infirmitates,

1104 605 1153 666 Sic
1170 613 1201 664 et
1220 621 1338 666 morum
1359 611 1564 680 paupertates,
1692 625 1695 637 ⁴

1104 689 1257 748 patienter
1277 688 1385 748 tolera.
1436 695 1439 704 '

1105 772 1208 846 Neque
1226 771 1301 832 velis
1320 787 1467 846 apparere

1104 855 1244 928 uagum,
1264 864 1362 930 neque
1381 856 1498 916 laudem
1517 857 1640 932 habore,

1104 938 1138 997 ln
1157 941 1213 998 bac
1231 941 1293 998 vita
1314 939 1434 999 misera.

1070 1023 1148 1081 Care
1166 1024 1205 1082 nt
1222 1024 1262 1081 sis
1280 1022 1457 1098 siugulnris,

1105 1107 1164 1166 Sed
1183 1123 1361 1184 quoeunque
1380 1111 1528 1184 operaris,

1107 1191 1140 1252 ln
1159 1207 1317 1250 commune
1335 1191 1436 1251 lanias.

1107 1275 1216 1345 Canta,
1235 1275 1345 1348 psalle,
1366 1277 1451 1352 lege,
1469 1295 1540 1352 ora,

1107 1359 1190 1418 Sicut
1208 1373 1333 1432 omnes,
1353 1368 1384 1420 et
1400 1355 1521 1434 labora,

1109 1444 1201 1516 Vive,
1221 1451 1252 1502 et
1272 1461 1332 1503 oon
1351 1445 1433 1505 alias.

1076 1529 1194 1590 Primus
1211 1529 1272 1586 eris
1291 1529 1329 1588 ad
1348 1529 1497 1601 laborem,

1107 1611 1225 1688 Tardus
1243 1617 1343 1672 autem
1362 1615 1399 1674 ad
1419 1613 1572 1688 iurarem,

1109 1698 1146 1756 Et
1164 1698 1203 1758 nd
1222 1699 1299 1756 iram
1318 1699 1451 1759 ultimus.

1108 1783 1254 1842 Omnibus
1271 1781 1458 1855 subjiciaris,

1090 1868 1277 1942 'Numquam
1297 1867 1379 1927 aliud
1398 1869 1546 1943 loquaris,

1108 1952 1204 2025 Quam
1225 1952 1306 2025 qnod
1323 1951 1414 2012 babet
1433 1955 1559 2012 animus.

1073 2035 1199 2094 Omnem
1218 2037 1326 2095 boram
1346 2035 1502 2112 occupabis

1108 2121 1250 2196 Nymala‚
1271 2121 1406 2195 psalmis,
1427 2122 1587 2180 elamabis

1108 2205 1225 2264 'lenerc
1242 2205 1418 2277 silentium,

1107 2291 1204 2363 Super
1222 2289 1279 2348 boc
1297 2291 1465 2349 orationem

1107 2375 1233 2448 Diliges,
1252 2377 1284 2432 et
1303 2373 1483 2456 lectionem,

1100 2458 1260 2518 Nutricem
1280 2457 1495 2516 claustralium.

1050 2573 1053 2581 ·
1072 2541 1190 2600 liabens
1209 2543 1351 2600 vestitum
1371 2543 1548 2613 atriolum,
1630 2545 1632 2550 ’

1110 2623 1147 2684 Ut
1164 2625 1224 2683 lert
1241 2626 1375 2700 Apostoli
1396 2625 1520 2698 dietum,

1108 2709 1190 2770 Nlbil
1209 2723 1336 2784 quaeras
1354 2709 1499 2786 amplius,

1111 2795 1155 2853 De
1172 2793 1275 2852 colore
1294 2811 1332 2852 ne
1346 2796 1488 2865 causeris,

1109 2879 1139 2937 Si
1157 2879 1197 2936 sit
1213 2877 1305 2949 vilis,
1324 2883 1397 2937 tunc
1416 2878 1554 2948 laeteris,

1110 2963 1146 3020 lit
1163 2963 1205 3022 sic
1224 2964 1283 3021 eris
1300 2962 1426 3020 sobrius.

990 3114 995 3122 .
1073 3047 1152 3104 Cave
1171 3062 1209 3104 oe
1226 3046 1267 3103 sis
1285 3043 1420 3105 curiosus

1108 3132 1141 3188 ln
1161 3132 1287 3204 restitit,
1307 3146 1363 3190 nec
1380 3129 1500 3206 gulosus

1109 3214 1143 3273 ln
1161 3216 1290 3274 dirersis
1309 3213 1415 3288 epulis,

1109 3299 1157 3358 Sic
1176 3316 1236 3358 oon
1256 3300 1316 3359 eris
1334 3299 1558 3367 somnolentus,

1108 3382 1219 3442 Necin
1237 3388 1310 3458 potu
1328 3383 1513 3454 vinolentus,

1108 3466 1168 3526 Nec
1185 3469 1306 3528 vacabis
1323 3467 1440 3527 fabulis.

1073 3549 1169 3609 Nimis
1185 3559 1231 3610 est
1249 3552 1466 3627 periculosum,

1109 3636 1178 3694 Esse
1194 3637 1384 3696 claustralem
1403 3633 1563 3693 uerbosum
1580 3677 1587 3703 ,

1109 3719 1184 3778 Cum
1202 3721 1294 3780 silere
1313 3718 1430 3780 debeat.

1109 3804 1172 3863 Joci
1192 3805 1314 3879 quidem
1333 3810 1403 3862 aunt
1419 3801 1555 3871 terendi,

1109 3887 1278 3963 Numquam
1298 3895 1397 3946 tamen
1416 3883 1587 3952 relercndi,

1108 3973 1188 4044 Quos
1208 3973 1346 4048 prolerre
1365 3969 1484 4044 pudeat.

1073 4056 1169 4116 Omne
1187 4057 1283 4131 lupina
1302 4048 1472 4132 peccatum,

1108 4142 1138 4200 Si
1158 4143 1262 4201 ridere
1281 4141 1325 4198 tls
1345 4146 1481 4215 pacatum

1109 4225 1295 4284 Salvmorem
1314 4226 1460 4284 omnium.

1108 4309 1209 4384 ipsum
1229 4309 1335 4380 eorde,
1358 4321 1498 4368 creora:

1111 4392 1146 4451 [lt
1167 4393 1197 4450 in
1217 4395 1267 4451 die
1285 4400 1315 4452 ct
1335 4393 1440 4452 mortis
1458 4391 1551 4460 bora3

1110 4476 1178 4535 'libi
1197 4478 1236 4535 sil
1255 4477 1413 4536 auxilinm.

1217 4564 1324 4621 Amen.

820 4769 919 4832 llltls
955 4769 1058 4834 LIBRI
1095 4771 1172 4835 vlll.
