3562 5582
213 103 275 164 444
819 61 1119 166 aurursus

214 189 276 268 sae
293 223 358 285 pag.
373 189 446 269 ’444
462 205 605 270 cremas
620 205 669 268 rr.
683 207 761 285 rapa
777 207 886 270 444444
902 209 940 270 r.
994 210 1044 271 rr.
1063 205 1157 270 444444
1172 207 1401 270 motarum
1416 207 1457 270 oe
1471 210 1645 294 coaptate
1656 220 1684 278 4.

214 301 293 363 4245
314 300 351 362 44
373 300 462 360 4208.
994 301 1122 366 carae.
1144 302 1310 364 8444444444.
1331 301 1509 378 0444444444.
1536 308 1609 384 liius
1628 311 1688 372 iiber

253 391 444 456 4444084008
460 391 497 454 44
511 392 732 473 Moutejordino
747 395 938 471 0444444444,
995 395 1032 458 de
1054 391 1265 460 0444444ιὶ444
1284 402 1316 456 44
1329 397 1486 476 separatim
1507 399 1599 466 lucem
1617 403 1687 478 vidit,

208 487 345 550 Oridinis
360 488 517 550 itinerum.
530 488 609 548 circa
623 487 746 550 4444444
762 489 849 552 4350.
863 490 942 554 Scri·
994 496 1087 568 atque
1109 490 1187 550 inter
1207 488 1352 551 iohannis
1377 490 1517 554 Gersouis
1536 510 1617 572 opera
1635 513 1690 575 pro

212 582 274 660 psit
291 579 529 644 commenarias
545 578 776 658 4414444444,
791 583 823 642 44
840 581 942 642 4444444-
995 582 1060 644 4444.
1078 583 1126 644 Ex
1141 581 1396 662 Propositioaibas
1411 584 1476 663 ejus
1492 591 1521 646 et
1534 601 1632 650 4444444
1644 607 1690 651 aa

210 671 292 752 palia
308 673 399 735 4444444
414 673 490 732 anai
507 679 538 733 ot
551 671 837 754 Quadrupesimolra
853 676 942 754 quin·
990 673 1169 755 plicatione,
1191 675 1254 738 loca
1276 675 1422 754 quaedam
1442 681 1587 758 excerpsit
1606 683 1692 760 vulp
1745 675 1750 688 '

215 783 284 845 que.
298 765 373 828 Vide
387 766 593 844 Waddiagum
606 786 636 847 p.
649 770 706 830 406
718 785 756 830 ex
767 771 941 830 possevino.
996 771 1101 852 vitque
1117 770 1237 832 Flaoius
1258 771 1288 829 iu
1305 771 1444 850 catalogo
1461 774 1582 834 testium
1597 776 1692 837 Verita-

251 857 941 940 448044400844Νον444444,ορῑ4484444444,
996 864 1048 938 tis,
1067 869 1100 926 ut
1122 864 1221 925 Cavea
1235 861 1297 940 jam
1316 869 1462 927 notatum.
1480 865 1512 926 ln
1532 866 1691 944 Bibliotheca

211 955 334 1032 scripsit
359 962 457 1016 metro
484 961 516 1014 et
544 969 634 1032 prosa
664 953 942 1038 dimetrorpaoluam
996 957 1119 1022 Paulina
1139 962 1218 1018 teste
1245 971 1310 1036 pag.
1332 957 1400 1020 364.
1421 960 1453 1020 8.
1482 959 1608 1036 Foliam,
1626 961 1693 1024 44844

211 1047 249 1108 44
265 1048 408 1110 conflictu
423 1049 574 1110 virtutum
592 1055 626 1108 et
645 1049 811 1124 vitiorum,
829 1047 867 1110 ad
880 1047 944 1108 Fri·
993 1056 1078 1113 extat
1098 1047 1166 1128 eius
1187 1050 1393 1127 interpretatio
1414 1050 1610 1130 posteriorum
1627 1051 1695 1114 444-

210 1139 367 1216 derioum,
388 1141 590 1202 marchionem
619 1142 745 1205 44444444
766 1148 798 1202 44
824 1143 939 1204 Ducem
996 1139 1156 1223 lpticoram
1176 1141 1346 1204 Aristotelis
1367 1141 1631 1224 districtumque,
1653 1149 1694 1208 44

212 1237 370 1298 84444444.
387 1235 469 1296 Vixit
485 1234 585 1296 adhuc
600 1234 656 1296 44.
674 1235 754 1298 list
770 1234 964 1298 laudatusa-
996 1236 1071 1298 44444
1092 1234 1192 1310 Artis,
1211 1233 1420 1316 Plrpsicoram,
1437 1235 1474 1297 444
1493 1236 1576 1300 Coelo
1589 1283 1596 1316 ‚
1611 1239 1643 1300 44
1655 1257 1695 1318 pc-

212 1328 532 1392 turbetomissa.
553 1343 617 1408 cap.
637 1327 705 1388 947.
721 1334 752 1390 44
766 1327 808 1390 dc.
830 1327 940 1390 illustr.
996 1335 1152 1392 aerotmac
1172 1329 1424 1410 stauropoleos,
1445 1330 1481 1392 de
1500 1333 1695 1411 meteorir,de

211 1423 315 1486 Germ.
345 1439 409 1502 cap.
438 1423 507 1484 285.
532 1422 583 1482 ubi
610 1423 701 1482 etiam
727 1423 862 1483 carmina
882 1420 940 1482 alia
994 1422 1120 1499 auimo,
1137 1422 1699 1502 Oeconomtooram,eotueoraa,tt

110 1553 112 1556 ·
211 1517 299 1596 ejus,
316 1523 348 1577 et
359 1515 510 1596 Epistulas
523 1514 566 1576 ad·
578 1513 717 1584 diversos
734 1521 892 1576 memorat.
995 1533 1110 1580 corum.
1134 1515 1220 1578 Adde
1241 1535 1306 1596 pag.
1329 1517 1399 1578 370.

252 1611 443 1673 HENRIGUS
460 1609 497 1670 de
513 1608 771 1685 Bartholomasis‚
786 1607 824 1668 do
842 1607 939 1680 Suse,
1035 1611 1229 1674 HENRIGUS
1249 1609 1286 1672 de
1308 1608 1429 1688 Palma,
1446 1627 1554 1691 supra,
1574 1612 1698 1686 uruat,

212 1704 477 1783 sivcchagusia,
493 1700 827 1778 (SecasioPedemoutii
841 1699 940 1780 opidol
995 1711 1068 1764 tom.
1095 1707 1122 1766 4.
1146 1722 1174 1782 p.
1199 1705 1266 1766 157.
1431 1768 1433 1774 ,

211 1816 249 1858 er
262 1797 452 1860 sistaricensi
468 1795 619 1876 Episcopo
632 1795 889 1874 Archieprsoopus
905 1793 939 1856 A.
1035 1798 1228 1860 4400444008
1265 1798 1407 1878 Pauper,
1442 1799 1537 1874 inira,
1570 1799 1699 1881 limpor

213 1892 301 1954 4240.
319 1889 548 1954 Ebreduneusis
564 1890 594 1949 iu
606 1887 790 1967 Delphinatu
806 1888 939 1963 Galliae,
999 1887 1241 1971 septimellensis.

207 1992 242 2046 ct
257 1985 294 2047 ab
308 1983 365 2048 An.
386 1985 475 2049 4263.
493 1983 663 2047 cardinalis
683 1983 852 2044 {laetiensis
873 1983 940 2042 sivo
1036 1983 1230 2050 HENRIGUS
1251 1981 1364 2060 Penio,
1382 1986 1439 2048 sub
1460 1986 1558 2068 Seculi
1573 1986 1645 2048 xvi.
1657 2003 1700 2046 44-

214 2078 377 2155 ostensis,
393 2079 461 2138 lons
482 2079 566 2140 iuris
583 2078 747 2154 utriusque
761 2081 793 2136 et
810 2078 938 2148 Orator,
995 2077 1113 2140 ordiam
1142 2077 1226 2140 brevi
1249 2077 1351 2144 libello
1374 2079 1494 2158 scripsit
1512 2079 1618 2141 bellum
1644 2081 1701 2140 Per·

212 2171 293 2232 diem
310 2171 383 2232 obiit
399 2171 455 2232 44.
477 2168 564 2230 4274.
586 2167 660 2229 Vide
690 2167 939 2230 Sammarthaaos
999 2173 1076 2233 sico·
1096 2173 1256 2238 Turcicum
1272 2217 1279 2250 ‚
1297 2189 1357 2250 quo
1378 2173 1485 2234 ismael
1503 2172 1589 2251 Sophi
1603 2174 1699 2232 74444-

212 2267 242 2325 iu
257 2263 352 2326 Gallia
364 2265 537 2327 Christiana
551 2269 623 2324 tom.
638 2264 744 2342 l,pag.
764 2261 832 2325 270.
849 2264 940 2322 -Prae
994 2281 1061 2326 rum
1082 2263 1141 2326 444.
1164 2265 1252 2326 4500.
1285 2266 1382 2325 victor
1401 2264 1439 2326 ab
1469 2265 1526 2326 illis
1546 2266 1640 2326 rictus
1657 2271 1697 2324 est

213 2360 336 2438 ciprum
354 2355 422 2435 ojus
439 2372 516 2435 opus
534 2355 661 2418 Summa
674 2356 757 2418 turis
774 2355 938 2430 04444444,
989 2357 1031 2428 A.
1061 2359 1150 2423 4544.
1174 2357 1288 2420 Prodiit
1315 2359 1449 2420 Basileae
1476 2361 1561 2421 4544.
1592 2359 1616 2417 t.
1635 2357 1702 2418 iuter

151 2459 153 2464 “
213 2469 292 2531 quac
306 2451 344 2514 ab
359 2467 395 2512 eo
411 2453 538 2514 Summa
554 2449 698 2512 Ostiensis
708 2451 852 2530 appellari
868 2465 940 2512 cou-
994 2452 1053 2514 alia
1073 2452 1222 2530 opuscula
1243 2450 1324 2530 apud
1344 2451 1511 2514 iohannem
1532 2450 1700 2514 Frobeaium

214 2548 323 2608 suevit.
337 2546 413 2607 Tum
428 2543 707 2606 commentariusiu
721 2542 870 2623 Epistulas
882 2543 940 2606 04-
1035 2527 1230 2608 44044840Ηέ
1245 2541 1281 2604 dc
1299 2543 1391 2617 0444,
1405 2543 1482 2606 idem
1499 2541 1640 2604 44444444
1656 2541 1702 2604 Co

214 2638 349 2700 44444444.
363 2639 463 2700 Etiam
477 2636 545 2715 ejus
560 2635 591 2696 44
605 2638 764 2698 Decretum
783 2637 890 2712 lectur,
909 2644 942 2698 et
996 2635 1081 2700 44444
1108 2638 1191 2700 44444
1221 2637 1381 2715 utriusque
1400 2633 1530 2712 Docta,
1551 2636 1604 2698 44.
1625 2633 1701 2697 titi.

213 2733 274 2808 4448.
288 2739 337 2794 444
353 2735 382 2793 44
405 2732 528 2794 Paulina
550 2732 709 2810 Lipsiensi.
725 2731 800 2792 Vide
825 2733 857 2792 44
875 2729 941 2792 Fel-
997 2731 1136 2794 interluit
1158 2732 1292 2794 Concilio
1314 2732 1554 2806 constantiensi,
1568 2730 1650 2809 cuius
1666 2730 1703 2788 vi

218 2827 273 2887 lari
287 2826 456 2904 catalogum
469 2843 536 2904 pag.
547 2824 619 2888 227.
634 2825 677 2884 04
691 2823 837 2903 discipulo
848 2821 940 2900 hujus
996 2825 1034 2885 dc
1056 2824 1132 2888 4444
1163 2827 1300 2888 sessione
1328 2827 1407 2888 XVl.
1429 2831 1493 2888 tum
1522 2824 1598 2904 apud
1620 2824 1703 2898 alios,

220 2921 349 2996 Haurici,
363 2915 512 2985 Guilelmo
527 2916 720 2994 DURANDO,
737 2917 940 2997 speculatore,
997 2925 1064 2979 tum
1088 2918 1168 2998 apud
1190 2920 1334 2981 Baovium
1357 2917 1394 2980 ad
1417 2917 1498 2980 illum
1516 2917 1632 2979 Annum
1646 2933 1702 2996 pag.

217 3013 277 3073 dixi
296 3029 388 3091 supra
402 3017 477 3070 tom.
492 3012 521 3084 2,
537 3028 605 3088 pag.
622 3009 693 3072 482.
789 3081 793 3091 ,
997 3011 1047 3072 uhi
1076 3011 1172 3072 semel
1194 3013 1303 3076 vitiose
1327 3010 1477 3072 Hearicus
1502 3009 1538 3072 de
1567 3011 1627 3071 Piro
1642 3025 1703 3089 prt-

129 3117 132 3124 ’
256 3105 436 3186 *Summae
457 3105 609 3166 Ostiensis
629 3105 759 3183 priorem
780 3102 851 3163 cdit.
869 3109 942 3182 puto
997 3109 1111 3180 motor,
1128 3121 1277 3167 excusam
1298 3112 1362 3189 est,
1380 3103 1596 3184 legendumque
1613 3109 1644 3164 ut
1658 3118 1702 3163 44-

217 3217 295 3280 quae
317 3197 374 3260 sub
395 3204 441 3258 ta.
465 3195 610 3261 Ostiensis
639 3197 764 3258 Summa
793 3213 892 3256 aureo
911 3194 943 3260 ia
998 3203 1046 3259 tea
1058 3237 1076 3270 ‚.
1089 3203 1287 3277 procurator.
1318 3198 1344 3260 Α
1372 3197 1534 3260 'trithemio
1558 3212 1617 3275 cap.
1643 3195 1702 3254 935.

214 3290 387 3356 0444444444
407 3291 515 3370 prodiit
539 3292 605 3350 sine
623 3306 702 3350 nom.
721 3289 777 3350 loci
793 3289 848 3350 sed
865 3305 943 3368 quac
997 3290 1036 3351 de
1063 3291 1093 3352 S.
1116 3292 1150 3352 E.
1172 3290 1283 3354 dicitur
1308 3290 1347 3352 ad
1371 3289 1583 3354 carthusianos
1608 3285 1709 3348 444444.

216 3403 329 3447 excusa
348 3384 483 3446 creditur
503 3385 615 3444 liomae
637 3383 685 3444 iol.
708 3381 743 3444 Λ.
767 3382 857 3445 4470.
877 3389 943 3444 tum
999 3384 1186 3459 accessisse,
1208 3391 1299 3463 atque
1325 3385 1471 3446 claruisse
1491 3382 1525 3446 Α.
1553 3379 1634 3444 4470.
1652 3385 1703 3438 tra·

217 3486 248 3538 ot
268 3479 367 3539 lucam
389 3475 467 3538 vidit
486 3479 597 3538 Romae
620 3475 698 3538 4473
721 3474 809 3538 4477.
831 3483 863 3538 et
893 3475 946 3538 ali·
1000 3476 1101 3552 ditur,
1122 3475 1203 3554 quod
1225 3479 1335 3556 repetit
1364 3495 1429 3558 cap.
1442 3478 1518 3540 2044.
1537 3474 1573 3536 44
1594 3474 1703 3549 scripto·

216 3571 244 3629 bi
268 3577 367 3648 saepe.
390 3571 517 3632 Lectura
548 3571 615 3632 eius
636 3571 665 3629 44
687 3571 722 3630 V.
743 3570 944 3631 Decretalium
1000 3570 1085 3632 ribus
1106 3571 1307 3632 Germanicis.
1328 3569 1403 3648 Ejus
1424 3571 1551 3646 scripta:
1570 3566 1702 3638 044444444-

216 3663 308 3724 libros
337 3669 369 3724 et
400 3668 633 3740 extravagantes
654 3681 708 3742 per
730 3665 774 3725 to.
807 3663 944 3727 Caietam
999 3662 1098 3725 4444444
1116 3658 1702 3727 4447.444444044444444444444444444044

215 3762 351 3818 correcta
371 3756 400 3816 in
423 3755 471 3816 iol.
493 3757 577 3816 Paris
598 3756 686 3818 4542.
998 3753 1078 3816 siloa.
1093 3753 1234 3820 liberari
1249 3755 1376 3818 aooitios
1388 3753 1423 3816 de
1440 3753 1646 3835 deformatione
1665 3749 1702 3810 44

261 3848 452 3912 HENPdCUS
481 3848 679 3928 Oaroaieasis,
706 3849 828 3914 Ordinis
854 3853 945 3912 44444-
998 3852 1095 3910 torro.
1114 3849 1319 3912 Semnoaesde
1333 3855 1466 3927 tempore
1479 3855 1510 3908 ct
1530 3844 1696 3908 dessectis

219 3961 307 4019 rum,
329 3941 419 4020 cujus
436 3942 511 4005 nihil
533 3949 652 4022 prostes
667 3942 825 4008 8444444444
845 3942 945 4005 04444·
1039 3941 1056 3978 ⁸*
1083 3943 1116 4003 ln
1139 3943 1198 4004 MS.
1226 3943 1298 4006 Cod.
1328 3942 1516 4004 Hosuonensi
1541 3937 1701 4020 opusculum

216 4036 331 4100 44444444
361 4042 391 4099 44
414 4034 571 4119 festivales
603 4037 714 4100 Baleus
740 4040 807 4100 Xll.
833 4040 883 4098 48.
908 4039 943 4100 il.
1000 4035 1167 4098 offendisse
1184 4053 1217 4097 se
1236 4040 1367 4098 testatur
1384 4036 1413 4094 P.
1430 4036 1569 4096 Murteae.
1587 4034 1648 4094 itio.
1664 4029 1701 4089 44

216 4133 375 4210 Willatus,
403 4133 608 4206 possevinus,
636 4133 756 4194 Pit-scus
784 4149 850 4212 pag.
875 4131 946 4192 863.
1003 4136 1059 4191 444.
1079 4129 1115 4190 11.
1134 4129 1182 4189 97.
1199 4129 1257 4190 hoc
1272 4131 1318 4188 444.
1330 4124 1602 4188 Heurr'cusdel’iro
1612 4137 1702 4203 copor-

218 4235 249 4290 et
271 4228 461 4304 Waddiogus
481 4234 662 4286 memorant.
1000 4229 1097 4286 444444
1126 4223 1280 4286 Brutianis
1305 4224 1416 4302 Lepum
1442 4221 1550 4284 044444
1570 4215 1701 4300 4444444444

256 4317 945 4400 uuusiCtJSOya‚aato,orto,1reocro,
1001 4320 1032 4379 S.
1060 4317 1150 4382 Pauli
1165 4315 1339 4380 leodiensis
1362 4314 1529 4377 Caaoorcas
1551 4318 1649 4396 postea
1669 4304 1703 4368 od

218 4414 411 4491 Germanus,
444 4415 554 4476 Doctor
597 4413 724 4490 insignis
767 4413 946 4477 Viennensis
1001 4411 1135 4473 ordinem
1153 4409 1399 4475 Gartlusieasem
1422 4423 1581 4470 4444444444
1603 4405 1641 4468 44
1655 4417 1704 4466 esu

218 4507 296 4566 eirca
325 4506 448 4568 Annum
486 4506 576 4567 4380.
605 4513 637 4566 ot
667 4505 786 4585 Collega
822 4503 944 4568 Henrici
999 4513 1031 4566 et
1061 4507 1242 4567 abstinentia
1272 4504 1410 4566 carnium
1437 4495 1703 4561 Bartholomaeus.

196 4597 256 4657 dc
276 4599 400 4674 4144444,
421 4600 458 4660 44
480 4615 540 4678 quo
569 4616 662 4679 supra
691 4615 758 4678 pag.
778 4599 847 4660 204.
869 4599 943 4662 vido
995 4599 1185 4680 ,Theologiac
1200 4597 1364 4660 Protsssmi
1389 4593 1590 4656 carthusiensi
1601 4594 1628 4652 44
1639 4591 1707 4652 44444

217 4689 415 4752 'trithemium
431 4691 470 4750 dc
491 4693 571 4764 0.,44.
590 4709 659 4771 cap:
677 4691 745 4752 087.
762 4699 793 4752 et
810 4693 847 4756 de
868 4695 941 4754 scri·
996 4692 1120 4755 munda.

217 4783 352 4862 ptoribus
372 4786 513 4846 German.
531 4801 596 4863 cap.
617 4789 629 4846 4
637 4787 683 4848 to.
702 4787 828 4866 Scripsit
848 4803 939 4865 sapor
1035 4784 1227 4851 llENlilGUS
1254 4783 1388 4856 Vraade,
1418 4787 1608 4860 cognomento
1635 4779 1707 4840 4444·
