3596 5610
208 122 268 185 aaa
623 85 625 90 Χ
841 125 1091 190 alconus

206 237 257 312 pta
279 225 415 310 potiora,
442 237 511 311 post
540 233 655 299 obitum
684 233 814 313 iunctm
847 233 932 302 edita
981 235 1115 304 4004ῦο4
1128 233 1343 310 nonnoso,
1368 235 1613 316 edecimaquarta
1629 236 1692 299 dist.

206 325 299 386 Paris
320 322 410 386 4544.
428 324 476 385 404.
488 341 558 386 cum
570 323 839 408 Epistolallllv'eril
851 329 931 408 lug·
979 327 1049 390 libri
1068 329 1117 396 lli.
1146 329 1383 404 3000040040,
1405 327 1444 392 ad
1464 331 1639 410 trigesimam
1653 348 1696 393 00

206 417 308 480 dunel.
324 417 438 480 Eorum
456 417 617 480 elenchum
629 437 667 482 ex
679 423 811 499 lauacro
822 420 929 500 adjun-
982 423 1108 500 ptimam
1124 442 1131 482 :
1148 422 1202 484 ubi
1227 422 1385 486 Almainus
1403 420 1441 484 ad
1462 427 1592 484 mentem
1610 424 1694 485 1000-

204 528 293 591 gere,
313 510 426 573 additis
447 511 634 590 quibusdam
667 515 928 578 observationibus
981 531 1029 578 aas
1045 513 1130 581 scoti
1144 515 1276 576 disserit.
1292 517 1383 578 Paris.
1400 515 1483 590 4546ι
1503 517 1530 576 8.

208 605 326 684 placet:
600 669 607 689 ,
652 611 656 618 “
944 665 948 675 ,
1021 609 1177 689 lixpositio
1196 610 1275 672 ciroa
1294 604 1462 677 decisiones
1483 612 1686 689 'quaestionum

229 698 388 760 4400404440
408 696 541 779 priorque
562 700 857 780 consequentiarum,
876 699 928 762 de·
981 699 1688 784 403404044404440440400000004οΡ04004040ουωωί

205 807 267 854 nuo
287 792 394 854 excusi
422 793 544 852 Parisiis
576 809 655 854 anno
686 793 817 856 llnvlll.
845 791 925 874 apud
982 795 1144 874 Pontificio,
1158 795 1301 873 liberque
1316 796 1488 858 inscribitur
1509 795 1546 857 de
1562 813 1696 878 suprema

205 885 385 962 Dionysium
405 885 548 947 lloccum.
895 905 897 912 ·
983 888 1135 957 eolesam
1156 887 1379 952 Ecclesiastico
1395 895 1427 950 et
1447 889 1529 969 laica,
1551 890 1598 952 ubi
1616 895 1694 953 ceria

247 977 280 1039 ln
302 983 436 1040 tractatu
453 980 549 1058 primo
567 981 668 1061 agitur
689 977 726 1041 de
754 971 929 1042 delinitione
983 983 1132 1063 quaedam
1146 989 1196 1044 est
1212 983 1384 1062 propositio,
1410 998 1486 1062 quae
1506 988 1586 1056 tunc,
1602 989 1635 1044 ut
1649 1001 1696 1064 ap-

207 1078 239 1132 04
253 1071 413 1132 divisione.
983 1079 1091 1157 paruit,
1101 1076 1300 1152 tolerabatur,
1316 1074 1370 1136 sed
1381 1092 1462 1137 nunc
1481 1076 1594 1136 tolerari
1605 1075 1700 1136 desiit:

232 1167 264 1226 ln
289 1171 422 1228 tractatu
451 1166 585 1228 secundo
609 1173 764 1246 ponuntur
780 1166 928 1246 quaedam
982 1170 1091 1232 Exstat
1117 1170 1253 1230 0440400
1275 1169 1372 1250 Opera
1395 1169 1438 1228 lo.
1470 1166 1609 1229 Gersouis
1627 1174 1692 1232 tom.

208 1259 330 1339 regulae
343 1259 501 1340 generales
518 1277 572 1339 pro
587 1261 729 1323 omnibus
739 1276 929 1341 consequen·
981 1265 1012 1339 2,
1039 1263 1110 1325 edit.
1139 1279 1238 1324 novae
1273 1279 1338 1342 pag.
1364 1263 1441 1326 4443
1465 1267 1496 1324 04
1516 1264 1546 1323 40
1572 1263 1696 1326 Goldasti

207 1355 259 1415 tiis
279 1356 452 1414 servientes
982 1356 1159 1420 lionarchia
1175 1355 1293 1436 imperii
1311 1361 1385 1417 torn.
1402 1357 1502 1435 apag.
1514 1355 1578 1417 583.
1593 1353 1696 1418 Prodit

248 1447 283 1508 ln
305 1452 438 1508 tractatu
458 1448 547 1508 tertio
569 1453 723 1526 ponuntur
744 1446 866 1525 regulae
877 1463 930 1526 pro
985 1456 1016 1512 et
1036 1451 1203 1529 separatim
1228 1450 1335 1513 Colon.
1362 1448 1450 1511 4444.
1467 1453 1499 1509 04
1518 1449 1652 1516 arrisu
1669 1450 1693 1521 i.

210 1539 523 1619 argumentationibus
543 1539 818 1619 enthymematicis.
987 1552 1019 1608 et
1036 1545 1115 1608 4543
1129 1542 1375 1624 andenupino
1393 1548 1464 1603 tom.
1477 1537 1552 1604 xri.
1564 1537 1695 1603 144444.Εο

141 1656 144 1666 ·
248 1633 282 1694 40
299 1638 430 1700 tractatu
446 1639 554 1712 quarto
567 1635 668 1714 agitur
683 1632 721 1694 de
742 1633 932 1713 syllogismo.
986 1640 1060 1700 cles.
1073 1656 1103 1718 p.
1126 1639 1155 1699 5.
1176 1654 1239 1715 seq.

248 1725 282 1786 ln
312 1732 447 1790 40004040
464 1729 572 1807 quinto
593 1733 625 1788 04
645 1727 751 1789 ultimo
771 1728 873 1807 agitor
893 1726 933 1789 de
1024 1731 1114 1794 lciber
1132 1729 1168 1792 de
1184 1727 1366 1790 auctoritaie
1390 1725 1539 1789 4400400440
1556 1731 1584 1787 04
1598 1727 1693 1788 Corni-

211 1819 443 1900 exponibillbus.
800 1885 804 1898 ,
988 1825 1096 1887 tiorum
1118 1823 1268 1887 04000000
1290 1822 1437 1884 l'homam
1452 1821 1640 1891 (4040400004,
1659 1819 1692 1882 04

252 1910 465 1983 nananmoro
476 1911 649 1995 0400400440
663 1914 933 1978 seuembnmrnntu
987 1909 1184 1984 Tristaodum
1201 1917 1242 1978 dn
1257 1915 1390 1990 salazar,
1405 1913 1540 1995 archiep.
1552 1915 1693 1977 3000000-

209 2011 303 2074 404400
328 2010 554 2091 Philosophiae,
571 2011 735 2086 nsturalis,
757 2027 796 2071 ex
818 2011 932 2092 ingenti
986 2029 1071 2088 sem,
1091 2011 1163 2074 cuin
1196 2011 1331 2077 Caietam
1363 2007 1437 2072 libro
1457 2023 1509 2090 pro
1529 2009 1692 2070 anctoritate

207 2105 496 2185 apoplrthogmcturn
514 2103 715 2184 physicaliunr
737 2121 847 2168 000000
861 2106 926 2176 adi
985 2109 1092 2187 Papae,
1116 2105 1219 2168 colon.
1235 2104 1313 2166 4544
1335 2104 1365 2163 ei.
1386 2101 1494 2164 Exstat
1513 2107 1544 2162 et
1563 2101 1637 2161 40400
1649 2103 1689 2160 io.

209 2198 229 2263 3
259 2206 292 2263 04
322 2201 356 2260 3.·
373 2199 484 2262 aarum
517 2197 714 2276 Physicorunr
746 2199 928 2261 4040404040.
985 2200 1129 2262 Gersonis
1147 2200 1247 2278 Opera
1264 2203 1335 2258 torn.
1356 2196 1385 2258 2.
1406 2195 1587 2258 0444400000
1600 2211 1627 2275 p.
1638 2195 1691 2255 974

208 2291 328 2358 Parisiis
340 2307 420 2354 0000
436 2291 525 2352 ltliii.
543 2290 624 2370 apud
638 2290 772 2354 eandam
787 2295 933 2355 44000040.
986 2293 1063 2357 adde
1082 2291 1204 2374 llopinii
1229 2297 1301 2352 tom.
1330 2290 1377 2352 44.
1396 2285 1469 2351 34444.
1496 2288 1608 2351 Eccles.
1630 2303 1691 2367 pag.

246 2381 381 2446 44000440
406 2386 437 2444 40
468 2391 600 2463 0004000
625 2385 724 2446 diuisa
755 2393 932 2463 tractatus,
986 2389 1033 2450 44.
1056 2404 1120 2465 seq.
1326 2413 1330 2422 ·
1535 2397 1537 2400 ’

208 2495 339 2556 quornm
358 2477 453 2556 aliqui
472 2479 601 2540 seorsim
624 2478 727 2556 plures
742 2479 821 2540 ,editi
843 2486 933 2557 sunt,
1026 2479 1148 2542 llictnto
1158 2472 1575 2560 rapersmocciasllopnni
1585 2468 1693 2536 4040044

71 2594 75 2602 ·
209 2569 264 2636 sed
295 2571 387 2636 simul
417 2570 491 2633 aditi
524 2572 646 2632 Parisiis
674 2587 766 2632 anno.
784 2572 878 2635 linx.
902 2581 934 2636 04
987 2572 1093 2636 1404004
1113 2572 1152 2634 dc
1173 2572 1291 2634 actibus
1313 2569 1383 2632 4404
1401 2576 1432 2630 04
1453 2568 1631 2630 intellectus:
1658 2563 1690 2623 da

206 2665 369 2738 soxxnl.
411 2663 492 2745 apud
526 2664 710 2728 ilenricom¹
738 2665 932 2748 Stephanum
986 2669 1105 2730 actibus
1135 2666 1226 2745 ildei,
1248 2673 1280 2728 et
1301 2663 1339 2726 de
1362 2660 1502 2725 lrlsertate
1530 2657 1691 2722 volontatis.

208 2758 367 2823 emendato
384 2759 464 2824 410.
484 2757 604 2840 Maiora
620 2759 798 2842 Theologiae
817 2761 934 2824 Proles
986 2762 1082 2822 Paris.
1105 2761 1157 2824 454
1165 2760 1193 2822 4.
1215 2764 1247 2820 04
1270 2757 1358 2821 isso.
1381 2757 1409 2818 3.
1441 2815 1443 2820 .

208 2871 275 2914 sore
287 2887 292 2908 r
305 2853 470 2916 4000000το
494 2855 588 2915 etiarn
608 2851 778 2917 additiones
802 2857 842 2918 ll.
873 2857 937 2916 440-
1028 2853 1200 2918 alconus
1220 2851 1257 2914 do
1273 2849 1421 2914 4440004440
1437 2848 1691 2936 moioneleutcni-

210 2946 290 3012 aidis
308 2937 475 3024 dramni,
496 2949 579 3010 Scoti
592 2951 606 3023 ,'
620 2949 759 3010 [40040040
780 2949 932 3029 Theologi.
986 2965 1060 3023 cus,
1093 2951 1190 3029 patria
1215 2945 1444 3026 liinaugicnsis.
1466 2945 1531 3004 0400
1558 2939 1691 3003 444004400-

252 3042 285 3102 10
309 3048 442 3106 40004040
462 3043 561 3122 prlmo
575 3043 676 3122 agitur
695 3043 733 3103 de
755 3049 879 3106 actuum
901 3051 933 3106 04
984 3041 1113 3123 giensis,
1136 3038 1284 3128 dioecesis
1311 3043 1442 3119 lllogunt.
1474 3035 1571 3102 sabas
1600 3049 1700 3097 mona*

202 3136 369 3214 ,4004440000
379 3136 523 3212 00000440,
534 3142 567 3197 04
577 3151 682 3197 eorum
696 3135 930 3216 impedimentis.
986 3137 1071 3197 sterit
1097 3133 1316 3202 Eberbacensis
1343 3133 1414 3197 Ord.
1440 3133 1562 3196 ctotorc.
1582 3129 1618 3190 de
1636 3141 1688 3205 qm

253 3233 287 3294 lo
318 3235 459 3294 tractatu·
481 3229 616 3292 secundo
646 3231 746 3310 agitur
766 3229 810 3292 ‘de
825 3232 933 3294 tribus
985 3230 1198 3311 Bergomensis
1218 3227 1255 3290 ad
1279 3227 1316 3289 4.
1340 3227 1418 3290 4355
1430 3233 1466 3287 04
1482 3223 1654 3286 4044400400
1665 3237 1689 3280 0.

212 3326 377 3387 ¹uirtrrtilrus
397 3323 594 3404 340010ςὶ040,
616 3322 698 3400 Fide,
720 3325 781 3405 Sps
801 3331 833 3386 04
853 3325 934 3388 Cha·
986 3325 1039 3387 644
1066 3323 1105 3385 de
1127 3325 1157 3386 S.
1176 3321 1211 3384 li.
1235 3328 1266 3383 04
1276 3321 1314 3384 (40
1329 3321 1432 3402 script.
1443 3319 1614 3381 (40040000.
1628 3315 1688 3377 443.

212 3421 311 3481 ritum.
350 3448 365 3477 a
987 3419 1114 3498 Scripsit
1134 3432 1204 3479 curn
1226 3415 1348 3478 doceret
1369 3413 1488 3476 30040440
1515 3407 1689 3492 0000044000

217 3565 221 3572 .
252 3514 287 3574 40
308 3517 439 3574 amomon
461 3513 550 3572 400440
563 3514 663 3590 agitur
677 3511 714 3574 de
726 3513 857 3574 lrominis
873 3515 934 3572 vir-
987 3509 1171 3593 disputatas,
1190 3517 1222 3572 at
1241 3509 1274 3570 in
1288 3511 1419 3590 puctnor
1436 3503 1525 3580 444000
1540 3498 1691 3566 scannia

212 3603 340 3669 iniibus.
886 3645 887 3648 =
987 3621 1060 3667 rum
1078 3603 1333 3678 commentarios,
1351 3603 1524 3676 8000004400,
1542 3593 1686 3677 4404040404.

252 3700 287 3762 40
312 3703 446 3760 tractatu
470 3703 581 3776 quarto
596 3698 698 3778 agitur
714 3697 755 3760 de
769 3699 935 3762 earundem
986 3702 1073 3762 Diem
1104 3699 1215 3761 04044000
1243 3696 1300 3760 40.
1333 3695 1420 3758 lass.
1443 3690 1558 3754 notavit
1575 3688 1689 3752 Carolus

213 3795 364 3856 virtutum
380 3792 536 3872 oppositis.
988 3791 1080 3858 Viselr
1101 3791 1177 3855 liibl.
1202 3793 1329 3857 cisterc.
1350 3803 1417 3870 pag.
1438 3787 1505 3850 lsi.

252 3889 305 3949 liis
322 3885 462 3948 adicitur
477 3887 613 3967 00000440
633 3885 854 3967 Vespasiorum.
869 3889 935 3950 0400
1029 3885 1188 3968 Dialogum
1203 3884 1338 3948 ticoni
1354 3880 1392 3944 dc
1405 3876 1540 3944 linono
1552 3885 1582 3938 et
1594 3871 1691 3938 40444

211 3981 322 4062 agitato
343 3980 539 4062 44444οῳ00440
550 3979 684 4060 Magistri
701 3979 844 4042 ludovici
863 3983 935 4060 lter,
988 3981 1051 4044 lilS
1071 3980 1110 4042 de
1133 3979 1249 4061 Siglero
1271 3974 1307 4038 ris
1326 3971 1455 4038 40400440
1475 3968 1630 4034 atomo
1646 3967 1694 4026 le*

211 4076 269 4138 40.
286 4075 374 4138 tals.
397 4076 426 4134 40
450 4092 511 4153 qua
530 4072 567 4136 do
587 4073 717 4136 dominio
731 4073 878 4152 00440044,
891 4075 937 4136 ci-
990 4073 1027 4136 404
1048 4073 1087 4136 de
1109 4077 1196 4136 Luna
1218 4073 1293 4150 (0400
1313 4064 1464 4132 Benedicti
1490 4063 1568 4128 lilll.
1589 4059 1691 4123 0440.

210 4167 266 4232 ulli
280 4175 311 4232 ct
321 4167 537 4232 Ecclesiastico
549 4164 731 4249 disputatur.
743 4169 823 4232 llaec
834 4173 936 4230 exstat
991 4169 1079 4244 44444)
1093 4172 1243 4228 memorat
1259 4164 1376 4226 liscum
1391 4149 1691 4222 messanenses.

211 4272 244 4326 04
262 4267 343 4327 40400
362 4267 409 4326 40.
432 4263 580 4326 Gereonis
597 4263 697 4343 Opera
717 4270 791 4324 tom.
812 4264 842 4324 4.
863 4261 936 4323 edit.
990 4278 1056 4342 pag.
1079 4259 1127 4322 48.
1150 4259 1192 4325 lle
1214 4257 1271 4319 hoo
1297 4253 1407 4318 iacebo
1428 4252 1609 4324 Florentino,
1629 4241 1691 4308 ord.

211 4375 308 4420 00000
328 4377 398 4440 pag.
422 4359 493 4420 sos.
989 4353 1092 4416 Praad.
1124 4353 1273 4434 Episcopo
1294 4350 1332 4413 ab
1363 4349 1419 4411 40.
1451 4345 1529 4408 4334
1548 4343 1583 4404 ad
1614 4337 1692 4402 4443.

252 4451 470 4514 emunctorii
487 4451 524 4511 io
536 4455 660 4510 4004000
684 4447 797 4512 librom
813 4451 935 4512 300400-
992 4448 1160 4510 Faesrrlano
1182 4444 1343 4508 adeundus
1357 4441 1502 4523 llglrellus
1517 4445 1585 4498 torn.
1603 4436 1693 4512 apag·

213 4542 336 4620 4400004,
347 4546 398 4607 ubl
411 4546 572 4608 Almaluus
583 4541 738 4606 Gobriciia
748 4540 934 4605 1044οο0404-
990 4543 1055 4605 455
1072 4557 1137 4620 seq.
1159 4547 1191 4602 04
1215 4539 1316 4604 lolius
1336 4535 1424 4616 Niger
1444 4535 1472 4594 in
1493 4533 1562 4593 irist.
1582 4528 1695 4604 scripto·

132 4651 136 4658 '
213 4655 283 4699 nam
300 4639 468 4718 proiitetnr.
485 4639 652 4720 Separatim
670 4636 765 4720 nugo.
783 4637 880 4702 4527.
901 4639 959 4700 3.·
991 4655 1058 4698 rum
1081 4636 1248 4717 Florentia.
1274 4650 1301 4710 p.
1323 4626 1410 4692 320.

214 4732 307 4793 Paria
326 4735 415 4797 4544.
432 4735 459 4796 4.
1030 4728 1200 4792 4444034444
1216 4725 1453 4788 Ammonitas:
1471 4707 1694 4816 4040040040

252 4825 451 4896 Quaestioncs
464 4831 531 4890 sive
546 4827 763 4890 Commentario·
776 4825 812 4887 rie
829 4826 945 4888 Poenis
993 4821 1235 4886 Piceniominoos.
