3562 5582
204 109 267 169 tia
346 165 349 175 ,
402 98 407 108 ’
826 103 1096 169 1444444414]ὓὸ

200 211 289 274 lando
302 227 367 289 cap.
385 209 453 271 467.
472 210 545 272 Vide
562 227 653 290 supra
671 211 822 272 4444444444
839 213 922 272 44444-
975 215 1074 278 Cisal
1091 214 1264 295 acyrana,
1290 221 1366 278 teste
1394 218 1480 278 Tabia
1505 215 1622 280 lietardo
1638 221 1662 280 in

200 303 403 384 4449444444.
976 311 1080 370 notitia
1101 309 1169 386 eius
1199 309 1336 372 Biblioth.
1361 329 1425 390 pag.
1458 311 1504 373 40.
1532 313 1664 374 instem

240 397 431 460 BENBiGUS
445 397 482 460 444
498 396 593 460 Vertis
606 400 644 461 al.
658 399 800 460 Verklelr.
813 401 923 460 Posse·
977 403 1164 465 Trlthemiu's
1191 418 1256 482 cap.
1283 405 1350 464 589.
1367 405 1406 464 de
1420 406 1449 466 S:
1467 407 1500 469 B.
1516 411 1546 466 et
1560 405 1592 466 44
1607 409 1667 466 scri-

200 496 290 570 vino,
304 491 535 572 Waddiugoque
563 491 713 570 Werlt'as,
729 492 800 556 Ord.
818 494 921 554 lilnor.
976 498 1117 578 ptorlbus
1128 497 1269 559 German.
1281 513 1344 577 cap.
1362 497 1428 560 i08.
1442 500 1529 560 etiam
1545 505 1668 560 memorat

200 589 231 648 iu
245 589 400 648 Provincia
418 587 599 661 Coloniensi,
614 589 694 650 circa
708 587 831 648 Annum
844 586 923 648 4440
976 589 1043 668 ejus
1061 587 1236 667 0444406444
1252 593 1317 650 sive
1335 591 1523 667 Qaaasliaaae
1539 589 1668 670 44444444

201 681 270 754 loon
287 679 363 741 4390
380 685 413 740 ut
431 679 510 758 apud
526 680 727 741 Trithemium
738 697 803 759 cap.
815 679 874 741 800
885 679 923 747 de
979 683 1078 746 tarias
1096 685 1216 746 Parisiis
1231 683 1419 763 disputatas,
1437 690 1467 746 44
1481 683 1672 746 4444444444

201 773 230 832 S.
246 771 280 833 Ε.
309 779 401 850 atqua
428 771 498 833 inde
523 773 602 852 apud
625 774 771 854 cangium
803 774 922 852 iegitur.
978 779 1266 841 aracellitanorum
1295 776 1387 839 libros
1414 795 1481 840 cum
1502 778 1601 857 AEgirlii
1625 777 1671 838 444

199 867 311 926 vitiose
327 868 419 928 etiam
431 867 461 926 in
479 867 554 927 libro
569 866 728 927 Trithemii
744 867 781 927 444
799 873 925 946 scripto·
978 872 1058 933 mani
1074 873 1303 932 commentariis
1314 871 1410 933 editas
1421 873 1518 936 Goion.
1531 875 1609 934 4543.
1618 871 1673 932 444Ι

199 960 395 1022 ribusGerm.
413 949 506 1024 4484
530 959 586 1021 ho.
600 961 696 1038 4400.)
712 962 919 1039 Scripsittem
978 978 1029 1026 ree
1050 981 1094 1026 em
1110 963 1265 1026 collatione
1285 966 1412 1026 Petram
1429 968 1492 1026 sive
1507 977 1544 1025 ex
1563 965 1675 1026 collatio-

208 1069 282 1132 pore
305 1053 490 1114 Basileensis
512 1053 634 1114 concilii
652 1061 684 1113 et
706 1055 871 1114 Florentini
887 1053 925 1114 444
976 1074 1051 1121 num
1067 1060 1193 1120 44444444
1208 1058 1350 1120 Ceramni
1367 1059 1449 1120 libris
1466 1061 1570 1122 xxiv.
1584 1072 1672 1119 excer-

197 1151 342 1226 polestaia
354 1144 568 1208 Ecclesiastico
578 1153 608 1208 44
621 1145 749 1210 Consilii
755 1145 922 1227 9444444444
976 1159 1048 1232 ptus
1066 1149 1143 1213 44444
1154 1151 1190 1213 444
1200 1151 1384 1234 perfectione
1397 1151 1550 1214 4444444444
1560 1151 1674 1224 hominis,

200 1251 266 1303 tarn
282 1241 314 1301 in
327 1239 516 1302 6444444444
528 1241 690 1322 Porphyrii
700 1249 792 1320 atque
807 1241 924 1321 inqua·
975 1245 1064 1323 cujas
1081 1245 1154 1312 MSti
1181 1247 1212 1305 in
1231 1245 1409 1307 Bibliotheca
1437 1245 1675 1316 Beilsbmnneasi,

201 1341 272 1395 taor
290 1332 385 1394 libros
398 1333 638 1396 Sententiarum:
652 1332 783 1413 deniquo
804 1335 924 1397 844444-
975 1345 1153 1419 argumenta
1171 1341 1304 1416 capitum
1317 1339 1423 1400 xxiii.
1438 1341 1552 1400 notavit
1565 1333 1677 1400 loannes

200 1445 262 1504 ares,
279 1420 372 1508 atqua
390 1430 419 1488 in
438 1427 486 1488 his
502 1429 649 1491 eximium
661 1427 697 1490 444
710 1427 859 1514 walone
866 1431 924 1490 Do-
975 1431 1146 1493 Ludovieus
1159 1432 1331 1494 Bochcrns
1325 1449 1353 1492 ru
1371 1433 1473 1492 notitia
1488 1431 1673 1492 Bibliothecae

201 1521 284 1583 44444.
978 1524 1246 1587 Heilsbronnensis
1266 1543 1332 1605 pag
1360 1526 1407 1586 96.
1432 1527 1471 1586 iia
1493 1525 1678 1585 incarnatione

241 1615 431 1680 HENBiGUS
444 1615 580 1688 Viennae,
588 1617 674 1690 inira,
694 1591 844 1680 4444444444
863 1619 925 1681 Wr-
981 1617 1077 1682 Verbi.
1098 1617 1346 1696 644444444444.
1357 1619 1576 1697 Brpositionem
1587 1620 1679 1678 64444-

205 1707 354 1789 anismam.
978 1710 1287 1774 talisaacetatrontia
1302 1711 1404 1773 444444.
1415 1711 1679 1774 Semnonesdolem-
1752 1707 1753 1710 ’

242 1804 433 1866 HENBICUS
447 1801 483 1864 444
501 1801 531 1863 la
556 1803 634 1880 Vile,
653 1804 789 1884 hagios,
815 1805 923 1866 Philas.
984 1823 1058 1885 pore
1077 1813 1108 1866 44
1129 1805 1167 1866 de
1184 1806 1304 1866 Sanctis
1320 1811 1350 1865 ot
1366 1804 1403 1865 44
1413 1821 1547 1884 passione
1560 1805 1680 1866 44444444..

199 1887 387 1971 0444444444,
402 1901 489 1959 cuius
507 1899 748 1959 Commentarios
762 1900 791 1956 iu
811 1897 924 1958 Aristo-
980 1901 1016 1960 in
1028 1898 1139 1960 mallos
1149 1895 1324 1972 Biblloranr,
1336 1897 1367 1958 in
1379 1896 1484 1959 mallos
1497 1896 1680 1976 Philosophiae

200 1991 268 2051 telis
295 1991 386 2052 libros
413 1992 464 2051 iii.
490 1990 663 2053 de'hnima
690 1993 788 2052 iiStos
805 1993 921 2051 servari
981 1987 1681 2070 Aristoteliaaelibros,speciatlmindecemlalros

199 2081 305 2144 oxonii
323 2086 352 2144 in
375 2083 513 2144 Biblioth.
532 2085 561 2144 S.
584 2085 692 2144 4444444
709 2082 919 2163 magdalenae,
977 2080 1681 2163 8444444444440444444444444444444444444444

198 2177 318 2238 Pitseus
332 2195 400 2258 pag.
416 2178 475 2238 863
492 2179 658 2238 annotavit.
975 2181 1057 2242 44444
1069 2183 1133 2242 sive
1152 2181 1369 2259 expositionem
1382 2179 1531 2239 trivariam
1548 2179 1577 2236 in
1590 2176 1680 2237 4444444

238 2271 427 2334 BENBICUS
458 2269 644 2332 illidonensis
670 2269 806 2349 anglus,
830 2273 917 2331 cuius
972 2269 1681 2354 praeceptaNicolaiLYBilNinomlneeditamlio
1751 2269 1753 2330 i

154 2385 173 2432 ·,
197 2361 351 2424 4444444444
369 2381 471 2424 rerum
489 2362 683 2443 hnglicarum
699 2381 796 2442 usque
807 2363 843 2426 ad
855 2363 918 2424 ohi—
972 2359 1572 2442 ion.ti988.'huiciienricoaquibusdan
1585 2359 1673 2432 tribui,

198 2464 264 2518 tum
279 2456 427 2542 ¹Stephani
441 2459 539 2536 Bagis,
551 2457 579 2516 h.
594 2475 620 2516 4.
639 2473 735 2535 usqne
747 2456 784 2517 ad
796 2455 918 2524 Annum
974 2463 1103 2523 hiimeus
1120 2477 1185 2540 pag.
1202 2459 1240 2520 80
1267 2459 1389 2520 auctarii
1414 2459 1582 2518 annotavit:
1603 2461 1680 2531 atque

196 2549 307 2610 Christi
327 2551 405 2612 4454
422 2549 526 2610 iaudat
539 2549 665 2612 Vossius
681 2567 747 2630 pag.
765 2549 823 2612 480
838 2549 918 2610 idem
975 2557 1005 2613 in
1027 2555 1087 2615 iis.
1109 2553 1218 2614 Codice
1239 2551 1374 2614 Biblioth.
1397 2549 1677 2628 Quadiinburgensis,
1720 2617 1723 2624 Ι

196 2651 329 2705 osteum
356 2643 485 2705 ilenrico
514 2641 774 2721 Bantiaylonieasi
798 2642 836 2703 444
860 2659 920 2720 quo
975 2652 1007 2708 44
1041 2664 1058 2706 a
1090 2647 1253 2707 Tritiiemio
1281 2647 1406 2722 aliisque
1423 2643 1561 2703 ilenrico
1592 2647 1680 2701 nostro

196 2753 290 2817 supra
307 2753 364 2816 pag
394 2737 462 2798 660.
484 2737 599 2797 Omitto
628 2737 773 2796 iuniorem
792 2736 922 2795 HBNBl-
979 2739 1169 2802 adscribitur.
1706 2811 1709 2816 ,

195 2831 274 2892 CUM
295 2832 449 2904 4444444444,
467 2829 772 2907 Baginachnglorum
787 2827 923 2889 Elisabe-
1017 2834 1035 2870 *
1053 2835 1138 2894 inter
1158 2833 1225 2912 ejtrs
1250 2849 1339 2912 opera
1366 2839 1483 2912 praeter
1506 2847 1539 2892 ea
1556 2845 1629 2908 quac
1642 2826 1682 2886 hic

195 2925 265 2987 thae
283 2927 312 2985 ln
328 2923 454 2984 Galliam
470 2923 623 2999 legatum,
641 2925 690 2998 qui
708 2921 862 2982 historiam
881 2921 923 2981 lc·
976 2934 1176 2988 recensentur
1211 2943 1228 2986 a
1262 2925 1418 3000 Fabricio,
1444 2929 1681 2985 commemoratur

194 3021 323 3098 gationis
339 3035 413 3080 suae
429 3018 559 3094 reliquit,
567 3018 680 3078 tisiam
698 3017 727 3074 in
740 3014 922 3076 Bibliotheca
980 3021 1072 3081 4444444
1090 3023 1147 3082 ai’.
1163 3019 1333 3081 Gaodnllo'
1327 3037 1354 3078 rn
1366 3019 1488 3078 6444444.
1506 3015 1542 3076 44
1557 3015 1614 3076 cc.
1629 3013 1680 3073 hu·

135 3189 139 3195 ,
199 3113 370 3176 Bodleiano.
431 3157 434 3164 ·
977 3115 1158 3190 gustinianls
1179 3129 1246 3191 pag.
1219 3113 1318 3174 4468
1336 3112 1402 3173 itia.
1416 3103 1681 3188 liberdeapirilhta

236 3207 428 3270 BENthUS
444 3204 481 3266 444
494 3204 576 3280 Viri,
598 3175 788 3276 7444444444,
805 3202 923 3263 47444444-
982 3219 1147 3286 coramque
1171 3205 1368 3282 discretione,
1389 3206 1474 3266 cuius
1499 3203 1594 3281 operis
1617 3199 1679 3260 44444

195 3302 275 3378 rias,
289 3299 325 3361 444
343 3299 506 3373 Vrimaria,
523 3295 677 3374 Frimelia,
695 3295 843 3373 Vrimach,
858 3313 924 3358 cor·
976 3299 1093 3377 primus
1107 3305 1154 3359 est
1170 3300 1287 3359 iienrici
1303 3297 1413 3371 huius,
1431 3291 1602 3375 proditisque
1615 3309 1676 3355 cum

195 3390 580 3472 repastinationem
599 3389 770 3462 Ferraria,
792 3391 921 3451 Thurin·
976 3393 1045 3453 aliis
1066 3393 1193 3454 aliarum
1225 3392 1312 3452 libris
1334 3391 1513 3468 Antverplao
1538 3386 1678 3450 an.·itat.

195 3501 261 3567 gns.
283 3485 354 3546 Ord.
377 3486 502 3546 iratrum
524 3485 765 3546 Eremltanorum
781 3527 787 3557 ‚
803 3489 922 3561 praeter
978 3486 1007 3544 in
1023 3487 1052 3545 8.
1083 3501 1174 3564 opera
1191 3488 1221 3546 P.
1250 3485 1377 3546 Cornelii
1401 3482 1532 3544 Dielman
1552 3481 1680 3562 Augusti·

197 3595 260 3640 rem
279 3579 482 3639 Dominicanis
499 3593 515 3636 a
531 3575 712 3655 quibusdam
727 3576 921 3647 accensitus,
976 3580 1065 3662 niani.
1082 3582 1169 3640 Tum.
1186 3586 1218 3640 st
1239 3579 1397 3638 Tractabat
1402 3593 1463 3656 pro
1473 3575 1505 3637 44.
1521 3576 1558 3636 it.
1577 3575 1605 3634 i'.
1622 3589 1679 3633 con

196 3679 232 3734 ut
249 3671 361 3733 latetur
376 3669 505 3731 lacobus
522 3669 628 3742 Quoiil
642 3671 830 3758 tomhnag.
849 3666 919 3728 744.
979 3673 1128 3754 capanna,
1154 3675 1205 3753 qui
1234 3673 1361 3751 junctim
1385 3687 1454 3731 cum
1477 3671 1541 3731 aliis
1566 3667 1679 3729 aliorum
1737 3680 1739 3688 ’

165 3844 168 3850 ¹
196 3769 305 3828 Bootor
322 3766 498 3826 Parisiensis
511 3765 591 3824 circa
605 3763 727 3842 honum
746 3763 833 3825 4334.
845 3761 921 3840 Ejus
985 3768 1164 3845 scriptorum
1181 3770 1306 3827 curante
1323 3767 1409 3824 Petro
1422 3763 1459 3824 de
1474 3762 1547 3824 illva
1561 3773 1678 3822 excusus

197 3856 420 3941 confessionala
434 3858 493 3919 448.
513 3857 570 3918 An.
591 3857 667 3917 4460
690 3863 870 3930 exaratum,
890 3858 919 3914 in
977 3866 1025 3920 444
1040 3861 1163 3920 Levanii
1179 3860 1266 3922 4664.
1290 3859 1318 3918 44
1342 3859 1366 3917 4.
1393 3857 1496 3918 itidem
1514 3857 1542 3915 in
1566 3851 1679 3916 Cantica

194 3953 378 4016 Bibliotheca
394 3953 546 4020 Patavina,
560 3956 639 4012 tesia
650 3953 810 4012 Tomasino
825 3967 852 4030 ρ.
868 3949 917 4012 75.
975 3953 1175 4016 canticoram
1189 3949 1265 4012 liber
1280 3951 1413 4012 nandum
1431 3952 1460 4010 44
1475 3950 1567 4011 lucem
1582 3946 1679 4027 pradu-

195 4046 331 4110 Liberata
343 4051 476 4128 qaataar
490 4041 679 4106 instinctibus
695 4042 920 4123 0444444444-
975 4054 1072 4124 ctus,
1092 4049 1173 4108 siout
1194 4063 1249 4106 nac
1265 4045 1372 4124 reliqui
1397 4061 1465 4104 mox
1486 4039 1679 4121 subiungendi.

199 4143 264 4220 4444,
285 4139 437 4203 4444444444
458 4145 488 4201 44
506 4137 667 4201 Mandane.
690 4140 796 4200 Vacat.
827 4140 916 4200 4498.
972 4141 1014 4201 Da
1031 4145 1165 4221 quantor
1185 4138 1325 4199 versibus
1341 4138 1503 4214 scripturae
1520 4135 1567 4196 lib.
1583 4137 1609 4195 4.
1623 4133 1679 4192 444

197 4246 228 4297 44
242 4237 331 4298 Paris.
346 4235 383 4297 ad
407 4235 520 4297 calcem
540 4221 759 4295 Bartholomasi
783 4231 918 4292 444444544-
970 4235 1061 4297 44444
1069 4231 1275 4298 sacerdotnm
1288 4231 1419 4294 lib-tile
1428 4227 1506 4290 444444
1516 4223 1678 4308 neptulam

197 4328 355 4402 tini,0rd.
386 4327 490 4390 Praeti.
513 4326 551 4388 de
582 4325 775 4386 sensibilibus
802 4323 917 4385 deliciis
971 4328 1019 4389 lib.
1039 4332 1065 4391 4.
1084 4329 1126 4386 64
1142 4323 1306 4390 melleraie
1340 4317 1526 4384 illusionibus
1539 4321 1585 4380 iib.
1600 4322 1624 4380 4.
1641 4317 1678 4376 04

198 4420 329 4483 Paradisi
347 4421 398 4483 454
406 4421 435 4482 4.
451 4423 498 4483 lt.
517 4426 548 4482 et
570 4421 727 4497 haganoae
745 4417 917 4478 iliacam
969 4419 1195 4500 mortificatione
1208 4416 1354 4498 propriae
1370 4413 1528 4477 4444444444
1541 4411 1678 4472 libiso-

199 4511 385 4576 sernronibas
401 4513 437 4574 444
453 4515 593 4576 Parsiana
611 4509 730 4573 Domini
745 4515 776 4570 44
789 4507 825 4570 da
840 4511 916 4573 San·
966 4531 1023 4594 per
1046 4513 1210 4574 orationem
1227 4507 1409 4572 Dominicam
1426 4512 1455 4567 44
1478 4503 1676 4568 maachan

199 4609 264 4670 ciis.
280 4609 363 4670 idem
377 4606 451 4669 liber
465 4610 502 4669 ab
518 4609 586 4669 aliis
602 4605 736 4668 tributus
750 4605 917 4667 HENBICO
971 4605 1146 4685 Anaeticam

199 4703 235 4764 444
253 4699 378 4772 4444444,
394 4702 422 4759 in
437 4701 618 4764 Bibliotheca
633 4699 915 4780 Quodlimburgansi
1011 4699 1205 4766 HENBlCUS
1219 4696 1337 4772 4444444,
1350 4689 1676 4776 supratitulatum·

202 4795 363 4859 S.Srrvaiii
377 4795 479 4856 iiStus
493 4801 594 4856 exstat
604 4795 662 4856 sub
673 4795 792 4854 nom-ine
805 4793 915 4856 444444-
970 4794 1056 4856 alans.
