3562 5582
87 187 160 268 quod
178 189 300 268 incipit:
329 183 666 253 nortmannicarum
684 203 797 268 capno
852 186 953 266 lipom
980 205 1059 270 quac
1087 188 1129 250 ad
1154 187 1286 270 emptos
1318 191 1581 260 mmonttraadm

85 280 136 361 qai
151 279 249 353 444444
263 279 295 340 in
307 279 401 341 oum:
424 280 534 352 Prodiit
555 281 639 343 114444.
658 282 746 342 4546.
767 282 794 345 4.
851 281 1029 361 Hieronymi
1037 281 1244 344 eruditionem,
1260 283 1580 371 etodlristoriamcp‘ur

88 375 143 452 lip.
175 374 262 436 1669.
296 375 384 438 rota.
419 371 617 436 14144547.
641 373 794 436 444144.
857 373 1451 454 Oparomaliaardsacercuidabnntor.

86 468 167 528 ratu.
191 467 238 530 44.
267 484 338 528 com
359 467 506 531 Dominici
525 467 653 534 Mancini
674 483 796 545 poema-
891 465 1066 546 Ronulplma
1082 467 1580 552 444444414444111114144441448,

3 633 4 640 ἵ
85 559 269 635 tis,.edente
282 559 393 622 *Theod
422 560 608 642 Pulmaono:
628 561 798 638 atquesine
853 559 1017 646 Mygeden,
1033 560 1193 634 llichsdenl
1211 563 1377 626 Monachus
1389 565 1583 634 Clertmmis

3 713 5 744 >
86 654 198 715 nomine
214 655 347 716 auctoris
363 669 437 718 cura
450 651 618 732 wolfgangi
635 654 725 727 Laaii,
741 655 797 716 na-
851 655 917 714 4444
939 653 1107 716 &anenata
1118 653 1191 716 Ord.
1206 655 1363 721 Benedici.
1386 664 1510 738 scripsit
1525 667 1580 724 Pa

86 745 125 806 sil.
146 745 234 807 1553.
257 745 307 806 141.
328 751 398 806 ante
417 747 495 808 vitas
512 745 724 824 upoanrorum
742 747 796 806 144-
849 745 1014 826 4444444444
1035 747 1127 808 144444
1154 755 1282 826 septem,
1301 750 1389 816 444144
1412 770 1575 828 numerum

85 840 167 900 butas
185 837 301 900 Abdico
322 839 511 916 Babylonica
528 838 595 902 Alia
608 839 703 900 etiam
720 841 796 899 scri·
849 846 983 900 aetatum
1006 839 1108 900 Mundi
1125 846 1157 900 et
1178 838 1295 900 dierum
1312 842 1423 919 quibus
1449 846 1580 910 Mundus

84 936 137 1014 pult
157 938 319 1010 poenam,
348 949 426 1011 qaae
456 933 539 996 MSta
571 929 677 998 habuit
708 933 794 994 1444.
848 937 970 991 creatus
992 937 1064 1007 ost,
1085 932 1123 992 ab
1143 931 1266 1010 Origine
1297 950 1398 1002 4444444
1428 951 1527 1015 usque
1543 941 1588 1002 ad.
1776 979 1777 996 .

85 1025 232 1104 Pignorius
264 1031 343 1086 teste
374 1025 534 1086 Tamasino
554 1039 620 1102 pag.
642 1023 692 1084 86.
712 1025 795 1088 MSS.
848 1020 975 1088 4444444444
1006 1022 1120 1086 Christi
1143 1022 1224 1088 4357
1244 1025 1355 1103 quibus
1377 1031 1512 1093 nonnulli
1522 1033 1584 1094 (lo-
1658 1099 1660 1109 ι
1776 1073 1777 1080 4

3 1139 4 1144 ’
85 1121 211 1180 94144444.
232 1124 324 1195 atque
357 1119 421 1196 ipse
441 1117 587 1194 aitpoeta
608 1117 737 1179 Petram
758 1133 792 1176 so
848 1115 931 1190 dices
951 1115 1584 1198 4444444441444444444444444444444144-
1776 1103 1777 1116 ’

84 1215 236 1286 mutasse,
258 1210 428 1289 fecisseque
457 1208 561 1270 4144444
578 1215 726 1290 perpetua
741 1227 795 1290 po·
849 1225 923 1272 num
951 1207 1030 1272 4377
1059 1226 1130 1270 cum
1160 1209 1348 1288 auctoriam
1368 1213 1400 1272 io
1422 1224 1582 1282 senectute

82 1303 209 1364 ctoritate
228 1301 321 1365 airon
337 1303 518 1380 Quanquam
537 1319 608 1362 vero
629 1301 686 1364 44.
705 1303 794 1364 1494.
848 1303 927 1371 bona
943 1302 1140 1364 obiissetAn.
1157 1303 1248 1364 4363.
1264 1306 1363 1372 Primo
1383 1306 1457 1368 libro
1474 1307 1586 1374 descri-

81 1397 173 1458 adhoc
188 1397 301 1456 vixisse
315 1393 407 1456 tradit
421 1394 648 1456 Trithemiusc
667 1397 736 1456 963.
752 1402 796 1458 ta-
849 1396 1013 1474 ptioOrbis
1025 1397 1201 1460 continetur
1204 1413 1316 1474 ,quam
1327 1400 1582 1482 41444444144414

83 1507 145 1550 men
162 1506 266 1550 444444
281 1497 342 1562 444
360 1487 440 1570 quod
458 1493 543 1550 notat
560 1489 695 1562 Vossius,
716 1487 796 1550 diem
851 1491 982 1568 Paleas,
1005 1491 1126 1552 Pitsens
1146 1497 1179 1550 et
1206 1491 1333 1554 Vossius
1359 1507 1425 1572 4444.
1450 1495 1508 1556 143
1527 1515 1581 1574 ap-
1661 1519 1663 1522 ·

3 1631 4 1638 ,
82 1581 184 1644 obiisse
195 1581 253 1642 114.
270 1581 357 1642 1413.
375 1579 450 1641 Vide
466 1581 631 1659 Epistulam
651 1580 798 1644 Christia-
853 1584 978 1660 pellant
1005 1585 1123 1646 Prirnos
1152 1599 1206 1644 sex
1227 1583 1318 1651 libros
1341 1589 1500 1664 usquead
1521 1588 1583 1658 4144

83 1676 243 1738 4414444444
265 1674 303 1736 ad
322 1674 476 1746 Nicolaum
498 1673 657 1736 4444444444
687 1681 759 1736 tom.
776 1675 801 1736 V
857 1695 929 1739 nuru
947 1679 1024 1738 1465
1041 1683 1133 1755 atque
1151 1675 1190 1752 441
1207 1677 1417 1754 conquestum
1430 1680 1583 1755 Guilelmi,

81 1768 207 1848 syllegae
228 1767 468 1830 burmannianae
490 1785 518 1844 p.
541 1767 611 1830 319.
633 1768 704 1830 3511.
731 1769 799 1830 llio·
854 1769 1025 1833 4141444144
1057 1775 1185 1846 mortem
1207 1770 1325 1848 primus
1348 1773 1457 1846 Latine
1480 1774 1583 1852 vulga·

82 1864 151 1922 riom
174 1861 362 1924 eruditorum
385 1861 487 1940 ltaliae
505 1867 577 1930 tom.
601 1862 628 1922 X
646 1879 714 1941 pag.
731 1861 798 1925 t87.
854 1864 899 1924 vit
920 1864 1053 1926 Thomas
1074 1862 1187 1934 Galeas
1209 1863 1238 1922 io
1261 1864 1410 1926 Historiae
1431 1865 1583 1927 4341144444

82 1973 139 2034 seq.
157 1961 193 2015 et
213 1961 287 2018 tom.
308 1955 351 2018 XI
371 1971 437 2034 pag.
459 1954 528 2016 399.
554 1953 603 2016 ubi
630 1963 799 2016 memorant
853 1971 926 2030 cae,
948 1957 1138 2030 saxonicae,
1159 1955 1260 2034 Angla
1284 1957 1413 2020 Dacicae
1434 1960 1584 2036 scriptori-

81 2055 108 2108 et
126 2048 219 2127 hujus
239 2049 412 2126 Hieronymi
434 2046 607 2111 Orationem
625 2050 687 2110 MS.
705 2049 734 2108 in
752 2049 800 2110 144-
853 2049 931 2124 444,
953 2047 1130 2116 44141444,
1155 2050 1228 2111 4694
1254 2049 1303 2112 iol.
1325 2055 1398 2110 torn.
1420 2052 1447 2124 4,
1469 2069 1499 2129 p.
1523 2051 1579 2115 479

79 2140 175 2200 bliotb.
194 2138 402 2216 1144144οεί4444,
419 2156 511 2218 quarn
528 2139 634 2202 habuit
652 2140 692 2202 ad
710 2142 800 2202 Sere-
854 2142 913 2205 387
935 2144 1091 2222 protessus
1114 2159 1150 2202 sa
1172 2159 1206 2202 se
1228 2140 1299 2204 dare
1320 2158 1402 2220 qnae
1423 2142 1460 2204 da
1487 2143 1580 2206 4414444
1713 2141 1715 2146 ’

81 2235 234 2296 dissimum
251 2249 364 2294 novum
376 2233 490 2294 Ducem
506 2240 653 2308 creatum,
676 2235 714 2296 4).
727 2234 801 2309 Pas·
854 2234 1039 2298 Britannicis
1064 2241 1094 2299 ct
1120 2231 1292 2316 uitantes
1309 2235 1468 2314 lligdenus
1488 2255 1581 2299 aona

81 2327 198 2404 qualem
224 2327 382 2404 Maripetro
701 2319 702 2324 ’
855 2333 951 2406 tavit,
972 2336 1147 2400 exterarum
1180 2345 1253 2388 vero
1272 2330 1410 2406 gentium
1436 2347 1514 2408 quas
1534 2332 1581 2390 iti-

113 2415 555 2503 MagisterHlEllONYMUSda
572 2417 710 2495 Werdea,
723 2409 799 2482 Sve-
855 2423 926 2484 dem
947 2421 1100 2500 lligdenut
1115 2423 1249 2502 attigerit
1266 2428 1447 2502 magestas,
1469 2430 1578 2486 etcae-

82 2511 293 2594 rioeoppido,
310 2519 380 2574 ante
401 2515 598 2576 Monasticum
625 2514 802 2575 institutum
854 2523 1004 2607 terapost
1024 2515 1147 2578 Annum
1166 2516 1581 2588 46654444444441444444444

81 2607 218 2682 lomnes,
235 2605 305 2668 inde
326 2605 364 2668 ab
380 2604 469 2681 Anno
485 2593 572 2668 4463.
587 2608 669 2668 Prior
684 2608 801 2670 Mense
855 2611 1005 2673 omisisse
1025 2608 1207 2670 Auctoribus
1230 2625 1304 2672 usus
1323 2617 1373 2672 est
1396 2611 1513 2686 Plinio,
1529 2615 1582 2674 Sa

80 2702 155 2760 ensis
179 2716 236 2762 seu
266 2699 537 2762 Lunaelacensis'
532 2717 559 2760 ro
577 2701 709 2762 44444444.
725 2697 797 2762 Ord.
852 2702 933 2779 lino,
954 2701 1118 2780 Eutropio,
1135 2697 1287 2776 Isidoro,
1322 2706 1481 2781 praecipue
1509 2722 1591 2782 vero

80 2793 187 2855 Beoed.
200 2775 328 2872 Scripsit
344 2798 507 2856 tractatum
525 2791 710 2874 deproscctn
727 2791 798 2856 reli-
853 2791 1314 2875 Garoidocomhrcnsi,1lifrido,
1336 2792 1503 2856 4444441444
1513 2798 1584 2860 Mal

78 2888 229 2966 alomonam
246 2905 300 2967 per
317 2888 415 2967 capita
430 2888 493 2948 XV.
510 2905 603 2966 quem
619 2887 713 2950 edidit
728 2891 798 2950 lter
853 2888 1076 2966 mashuriensi,
1092 2886 1132 2948 de
1163 2887 1357 2950 Pontificibus
1387 2891 1580 2960 Britanniae,

82 2981 214 3044 ahardus
231 2984 292 3044 Pez
315 2987 387 3043 tom.
407 2981 437 3044 2.
461 2980 661 3043 Bibliothecae
682 2981 799 3046 444414-
852 2997 944 3058 quern
964 2979 1116 3042 interdum
1128 2977 1429 3061 corrigit,Ganfrriio,
1442 2981 1581 3044 4144444444

80 3091 128 3136 cae
141 3093 209 3154 pag.
227 3075 284 3136 473
297 3074 365 3135 336.
377 3071 557 3143 Ratisbonae
578 3074 655 3138 4733
670 3076 699 3136 8.
714 3073 798 3136 idern
852 3073 960 3148 Scato,
979 3074 1110 3134 chrrco
1140 3071 1419 3152 Muotingtoneosi,
1454 3092 1502 3140 44,
1522 3093 1583 3154 quo

83 3170 108 3228 44
122 3169 306 3248 praelatione
321 3164 409 3228 docet
423 3165 736 3246 444441144444444444444
752 3186 798 3231 re·
853 3183 963 3230 versus
984 3166 1075 3227 etiam
1101 3169 1130 3228 iu
1153 3165 1266 3228 Aliredi
1290 3169 1379 3246 Regis
1401 3168 1522 3230 laudem
1540 3170 1583 3236 41-

82 3261 203 3341 liquisse
224 3260 257 3321 in
274 3258 338 3322 solo
358 3257 538 3322 marmorio
554 3261 722 3325 Monseerui
741 3277 800 3324 seco
856 3262 914 3322 1444
937 3255 1582 3332 441444444494444444144414444411144144

81 3369 174 3434 cupra
205 3354 313 3434 ulpinti
342 3353 515 3430 4414444444,
536 3371 597 3417 rna
627 3354 801 3420 ueneranda
854 3354 893 3416 od
915 3353 1041 3416 Annum
1064 3355 1123 3414 918
1144 3360 1176 3416 et
1197 3355 1227 3413 in
1247 3357 1361 3434 Regem
1377 3354 1530 3434 Edgarum
1544 3357 1583 3418 ad

81 3465 168 3510 mona
198 3451 351 3526 exarato,
372 3447 404 3508 in
424 3464 515 3529 quae,
535 3453 650 3528 parton
675 3447 801 3530 proprii
855 3448 980 3513 4444444444
999 3444 1072 3508 975..
1087 3449 1186 3522 Litora
1205 3449 1239 3510 il.
1262 3450 1330 3510 sive
1345 3451 1403 3510 1144.
1417 3451 1492 3512 itan
1506 3449 1582 3514 aad.

83 3541 321 3622 emeniipartim
333 3539 599 3604 honorariorum
611 3547 799 3604 monumenta
855 3539 976 3622 quaudo
1008 3543 1158 3617 occurrit,
1181 3541 1233 3604 illa
1254 3542 1355 3622 signat
1376 3559 1454 3622 quae
1476 3550 1582 3610 auctor

82 3633 230 3698 litteraria
256 3634 362 3698 intulit.
398 3633 583 3696 Aacnratam
611 3634 801 3718 singolorum
858 3639 921 3716 ipse
942 3632 1077 3709 addidit,
1099 3636 1191 3698 etiam
1210 3651 1320 3696 versus
1342 3635 1523 3714 quaudoque
1544 3643 1579 3700 ut

83 3729 266 3790 colliminant
282 3727 482 3790 recensionem
504 3727 633 3790 instituit
647 3727 804 3790 damlia-
857 3747 923 3810 pag.
942 3727 1007 3796 Ι187
1028 3745 1094 3806 seq.
1116 3747 1154 3790 ne
1175 3727 1273 3792 dicam
1294 3727 1333 3804 de
1353 3729 1420 3790 aliis
1442 3730 1582 3794 versibus

84 3821 244 3898 4444444444,
254 3841 292 3882 ac
309 3821 461 3902 sirpolari
470 3819 635 3882 4444444444
643 3820 804 3902 praeditur
859 3824 960 3885 nescio
980 3820 1070 3899 cujus
1085 3824 1220 3886 metricis
1232 3839 1300 3903 pag.
1317 3822 1458 3886 19314614.
1471 3824 1515 3884 De
1529 3824 1585 3884 Co-

87 3915 174 3977 nr.
209 3917 363 3980 Honorius
394 3913 576 3992 Kbobalter,
597 3913 805 3976 Benedictinos
860 3913 1584 3994 4144444444(144144444444443144415444444-

87 4009 323 4088 ionoeiaceusir,
350 4027 428 4071 4444444
456 4009 486 4070 in
510 4008 693 4070 Monarterio
713 4007 807 4070 Melli-
847 4004 1008 4078 ‘solandus
1028 4005 1168 4068 Oudirios
1190 4015 1263 4068 tom.
1286 4007 1320 4080 3,
1342 4024 1408 4084 pag.
1433 4005 1584 4068 4034144

87 4104 165 4164 444441
174 4101 397 4166 444414444444444
409 4109 519 4178 4444444,
531 4099 724 4182 inponebant
734 4102 806 4183 Ope-
861 4098 985 4180 Anglica
999 4096 1186 4178 versione'll.
1199 4099 1388 4160 Warthonus
1398 4097 1435 4158 ad
1449 4099 1582 4166 Caveum

83 4212 132 4269 re,
150 4197 201 4258 coi
217 4195 337 4258 titulus:
351 4199 441 4258 Poma
458 4195 663 4274 Septembris,
678 4194 804 4256 hocest:
824 4237 825 4240 ,
861 4196 985 4257 Caetera
1008 4192 1133 4272 lligdeni
1156 4193 1271 4271 scripta
1293 4189 1449 4250 44441444
1469 4206 1584 4270 canopo*

88 4289 159 4350 ricta
181 4289 327 4350 litteraria
344 4287 530 4352 Venerabilis
557 4289 689 4368 Magistri
706 4289 807 4350 lliero
861 4286 950 4350 nendi
966 4289 1125 4350 Scrcmncr
1145 4289 1205 4350 MS.
1220 4289 1250 4346 444
1274 4282 1434 4362 Bodleiano
1446 4305 1459 4346 :·
1474 4287 1585 4366 Specu-
1674 4296 1707 4357 ,⁴

87 4385 169 4460 444444
190 4383 240 4458 do,
260 4383 404 4460 Werdea,
425 4383 535 4446 Prioris
556 4382 806 4454 Lunaelacensie,
862 4379 924 4443 4444
941 4383 1119 4442 curatorum
1139 4383 1199 4444 MS.
1219 4381 1248 4440 io
1263 4377 1443 4440 Bibliotheca
1461 4379 1584 4458 collegii

88 4478 137 4552 qui
155 4478 255 4540 tloruit
274 4481 303 4540 44
326 4479 427 4540 Lunae
448 4474 515 4538 lacu
530 4474 568 4536 ab
580 4473 667 4534 hono
689 4475 807 4535 Domini
861 4475 1047 4552 Baliolensis,
1070 4478 1186 4538 04444444.
1210 4472 1584 4543 1144-4141444,111.43.44
1643 4526 1647 4543 ,
1730 4465 1738 4472 ’

88 4571 263 4634 MCCCCLl.
285 4569 438 4650 usquead
469 4567 527 4630 An.
558 4567 807 4628 mcccclxxv.
861 4569 980 4628 Pitseus
1004 4585 1070 4648 pag.
1102 4568 1171 4632 347.
1204 4566 1333 4629 addunt:
1355 4567 1582 4646 Expositionern

91 4681 149 4740 quo
166 4663 245 4729 obiit.
270 4663 323 4725 linc
344 4661 389 4724 liis
405 4661 482 4724 44444
499 4679 554 4722 suo
570 4661 722 4739 ternpore
716 4677 745 4720 444
762 4662 808 4720 Bi·
861 4676 952 4738 super
968 4658 1093 4738 ionum,
1117 4661 1148 4722 in
1164 4660 1290 4724 Cantica
1309 4659 1583 4740 Contionante-

38 4742 49 4782 ¹
90 4755 236 4822 hliotheca
258 4757 451 4822 benedictina
473 4755 573 4817 omnia
590 4751 747 4834 dilipcnter
763 4771 808 4816 44
861 4752 1030 4870 4444444444
1050 4753 1229 4836 Tireolopiae,
1246 4755 1512 4818 Determrnotiones
1525 4754 1582 4816 441

1294 4862 1351 4924 449
