3624 5600
252 109 312 172 468
858 102 1133 166 lSlDOllUS

249 219 359 280 44444.
378 213 466 276 4624.
484 211 593 272 Exstat
614 218 645 270 et
667 213 697 298 in
718 209 785 272 Act.
797 211 934 274 8444444.
949 219 971 272 4.
1069 211 1120 274 29.
1131 208 1283 290 Epistulae
1293 223 1351 272 4444
1361 223 1425 290 pag.
1437 209 1500 272 486.
1510 209 1582 272 dnae
1591 210 1715 274 4441444-

248 315 275 376 1.
293 309 386 388 April.
403 325 430 386 p.
456 305 524 366 346.
545 307 592 366 Ex
614 305 671 365 hac
691 304 796 366 Isidori
813 321 903 383 apere
920 323 972 384 pe-
1028 307 1160 381 liancm,
1187 293 1436 365 Arabidiacouum
1457 320 1531 378 uua,
1551 304 1636 366 altera
1658 303 1712 382 jam

246 406 300 466 tita
318 402 398 464 dicta
421 402 450 460 in
472 400 625 476 Anonymi
645 405 777 458 tractatu
795 397 833 459 do
849 399 972 460 benedi-
1028 400 1230 478 Episcopum:
1252 397 1341 457 tertia
1360 395 1397 458 ad
1417 394 1574 457 llelladium
1593 397 1713 474 aliosque

246 501 344 560 ctione
370 495 434 556 DEl
462 491 500 553 ad
522 491 714 553 Batberiaom
736 491 835 568 Episa.
857 491 894 551 ab
920 509 968 553 an.
1027 493 1214 572 Episcopus:
1239 495 1348 568 quarta
1367 488 1405 550 ad
1425 488 1575 552 Claudium
1593 491 1711 566 Ducem,

245 591 314 654 846.
334 588 371 651 44
394 587 466 648 842.
485 585 736 648 llatisbaaensem
757 583 838 644 edita
863 600 880 644 a
902 586 968 646 Ste-
1027 588 1134 666 quinta
1149 586 1187 648 ad
1205 585 1403 663 Redemptum
1422 583 1670 660 Archidiacouum,
1684 594 1711 648 44

243 685 341 746 444444
353 700 381 760 p.
399 681 468 742 799.
484 697 547 758 seq.
564 685 595 738 et
610 679 639 736 in
662 675 733 738 edit.
745 677 863 739 lection.
884 676 971 740 Cani-
1027 687 1114 742 44444
1126 679 1163 742 44
1179 681 1346 759 Eugenium
1359 679 1534 758 Episcopum
1545 678 1712 742 toletanum.

244 773 592 850 sianarumBasnagiaoa
604 777 625 830 4.
637 770 665 831 2.
677 787 706 849 4.
717 770 875 831 38.lsidori
889 771 972 833 Eme·
1026 775 1157 838 Exstant
1167 781 1199 836 et
1211 776 1240 834 44
1255 773 1340 834 44444
1352 773 1481 834 Sanctar.
1495 779 1516 832 t
1531 775 1543 834 4
1557 773 1642 852 April.
1654 790 1711 853 pag.

238 867 322 950 pesas
347 867 380 928 io
399 865 512 929 Missae
535 864 685 928 canonem
715 865 804 924 Paris.
828 867 914 926 4648.
929 867 957 926 8.
1027 870 1097 930 343.
1123 883 1188 948 seq.
1216 869 1260 930 Ex
1282 867 1329 928 bia
1349 867 1484 944 quintum
1504 865 1542 926 de
1559 881 1613 934 uso
1637 869 1710 945 panis

281 963 331 1025 24.
358 958 404 1020 44
434 956 651 1040 Ludifredum,
674 959 739 1018 sive
767 955 966 1039 beufredum,
1024 963 1125 1040 azymi
1142 963 1172 1021 in
1189 959 1373 1022 occidentali
1393 959 1542 1035 Ecclesia,
1557 967 1708 1038 susperan

239 1054 468 1118 tlardubensem
495 1053 700 1130 Episcopum,
720 1051 873 1129 quodnam
895 1054 967 1132 Epi·
1023 1055 1135 1118 habent
1149 1056 1206 1115 viri
1219 1054 1398 1116 doctissimi.
1410 1051 1483 1114 Vide
1493 1053 1551 1114 liic.
1564 1053 1707 1114 Antonium

240 1150 322 1228 scapi
341 1154 373 1208 et
393 1151 582 1207 caeterorum
604 1147 644 1205 sit
664 1145 795 1207 officium
814 1147 842 1206 in
862 1147 966 1207 Eccle-
1022 1154 1045 1208 4.
1074 1151 1086 1210 4
1112 1165 1177 1226 pag.
1198 1145 1268 1208 264.
1288 1147 1431 1219 Quartam
1451 1153 1621 1224 4444444444
1640 1147 1707 1208 4444-

240 1244 303 1315 444,
325 1257 393 1320 pag.
416 1239 483 1300 ll3.
506 1255 543 1296 44
567 1238 659 1300 44444
679 1245 711 1299 44
730 1238 893 1314 64444444,
914 1240 964 1301 464
1023 1247 1068 1302 tat
1077 1240 1217 1303 Oudinus
1229 1243 1325 1302 tamt
1343 1240 1504 1319 44444692.
1516 1255 1577 1318 seq.
1587 1239 1707 1302 64114444

239 1333 328 1395 deest
345 1347 415 1411 pars
437 1337 589 1409 postrema
611 1347 689 1408 quae
710 1348 748 1391 444
765 1333 824 1392 trs.
839 1333 965 1394 offertor
1021 1333 1071 1394 lll.
1098 1335 1126 1394 2.
1156 1333 1194 1395 44
1221 1334 1353 1395 cultibus
1376 1333 1504 1394 4444444.
1528 1333 1661 1410 religiosis
1684 1351 1706 1412 p.

238 1443 307 1506 pag.
329 1425 397 1486 486.
421 1424 462 1484 444
486 1421 638 1484 Praelatis
660 1422 862 1502 fragmentum
890 1443 961 1488 cum
1018 1427 1087 1489 296.
1106 1427 1154 1488 W.
1171 1427 1208 1488 E.
1229 1427 1405 1489 l'entzelioa
1423 1426 1461 1488 de
1481 1426 1614 1505 Symbola
1628 1424 1708 1487 Athe

238 1517 371 1580 Goldasti
391 1519 470 1580 natis
487 1517 558 1578 edit.
579 1518 666 1580 4664.
682 1520 710 1579 8.
725 1535 796 1582 cum
813 1521 962 1582 Valeriani
1018 1537 1084 1583 uas.
1105 1539 1170 1600 pag.
1193 1523 1241 1582 63.
1263 1535 1351 1599 4444

239 1611 437 1674 Gemellensis
458 1627 597 1672 sermone
619 1611 656 1672 de
678 1613 755 1673 bano
775 1612 961 1693 disciplinae.
1057 1615 1097 1676 24
1107 1611 1222 1694 Reputo
1234 1610 1447 1674 sommiorum
1460 1612 1553 1691 capita
1567 1612 1665 1673 XXlil.
1674 1611 1705 1672 ad

279 1705 329 1766 22.
342 1704 818 1784 Sententiarum'lbealogicarum
832 1707 897 1768 libri
910 1708 961 1769 lll.
1016 1706 1195 1771 Coenabitas
1216 1707 1455 1768 Honorianenses
1474 1722 1505 1784 p.
1524 1705 1587 1764 tou.
1606 1703 1705 1765 Eadem

236 1815 273 1858 44
291 1797 425 1874 Gregorii
444 1801 479 1858 44.
504 1798 669 1860 moralibus
686 1815 825 1877 magnam
843 1807 960 1880 partem
1018 1815 1097 1878 quaa
1108 1801 1137 1860 in
1145 1798 1253 1863 Codice
1263 1798 1706 1878 Regularumllalstenianallam.

238 1891 372 1969 excerpti
386 1907 432 1969 ,p.
446 1891 512 1952 444.
525 1907 594 1952 cum
609 1891 825 1972 notisGargiae
838 1896 960 1954 Lcaisae
1018 1895 1106 1955 4664.
1129 1895 1157 1954 4.
1182 1911 1211 1974 p.
1233 1893 1299 1955 448.
1320 1899 1352 1952 44
1373 1891 1454 1952 Paris
1474 1890 1557 1974 4663.
1578 1891 1603 1950 4.
1623 1891 1706 1968 Caput

189 2017 193 2028 .
234 1999 299 2062 pag.
320 1983 387 2044 427.
409 1984 475 2044 462.
495 1983 563 2044 478.
580 1999 617 2046 ex
635 1985 767 2047 editione
782 1988 960 2048 taurinensi
1017 1987 1179 2063 ultimum,
1197 1984 1351 2050 Smteatio
1364 1983 1400 2046 de
1415 1981 1525 2064 Regulo
1535 1981 1706 2058 4444144444,

236 2077 326 2138 4693.
351 2078 377 2136 4.
397 2079 431 2138 44
451 2077 509 2138 illis
526 2077 643 2140 erudita
663 2077 776 2156 multa,
795 2077 867 2140 illud
889 2095 962 2140 uero
1018 2083 1047 2141 in
1066 2079 1218 2142 Edmnndi
1239 2081 1372 2142 44444444
1391 2085 1463 2140 tam.
1483 2079 1532 2141 lli.
1549 2092 1707 2150 monumen·

234 2172 632 2252 prorsusdestitutumnasa
647 2173 751 2232 4444444
762 2172 843 2250 quad
855 2189 883 2251 p.
893 2171 960 2235 489.
1018 2181 1118 2237 torum
1140 2179 1278 2233 veterum
1300 2188 1367 2250 pag.
1388 2171 1453 2234 466.

234 2265 347 2324 scribit.
371 2265 493 2326 Laaisa:
514 2263 628 2325 nostris
648 2263 740 2324 ettam
761 2263 964 2326 exuberatis-
1054 2268 1103 2328 26.
1121 2267 1164 2326 lle
1181 2263 1319 2344 contacto
1334 2263 1476 2326 vitianum
1488 2269 1519 2324 et
1530 2263 1663 2326 uirtutem
1678 2263 1707 2322 li·

235 2355 321 2417 simis
349 2355 554 2435 temporibus,
578 2355 802 2437 Oeaotompadii
824 2357 963 2420 volumen
1014 2362 1069 2422 ber
1085 2377 1151 2440 pag.
1173 2360 1242 2420 497.
1263 2360 1313 2437 qui
1335 2357 1431 2420 aliena
1452 2358 1513 2418 loco
1533 2357 1623 2418 lectus
1638 2357 1706 2416 intas

237 2445 389 2509 adamus
402 2451 632 2509 Sacramentum
647 2447 876 2527 Eucharistiae,
892 2453 963 2512 Ber·
1013 2469 1103 2532 opera
1120 2453 1150 2514 S.
1168 2450 1336 2526 Ambrosii,
1354 2449 1529 2528 Augustini,
1545 2449 1643 2510 Leonis
1654 2449 1705 2508 Aa·

238 2541 346 2601 tramio
374 2539 555 2621 Presbytero
580 2541 623 2602 od
650 2541 794 2606 Garatom
816 2545 959 2624 Magnum
1014 2549 1076 2627 gui.
1093 2547 1166 2608 Vide
1183 2545 1249 2606 Nic.
1267 2545 1430 2606 Antonium
1449 2549 1519 2604 tom.
1539 2546 1551 2605 4
1570 2559 1629 2621 pag.
1644 2541 1703 2600 266

234 2631 444 2696 adscribitur:
474 2634 679 2698 Carolostodii
703 2653 778 2716 apos
808 2635 959 2700 adversm
1012 2643 1062 2720 qui
1092 2641 1177 2701 malit
1204 2639 1337 2700 tribuere
1365 2635 1553 2698 AMBROSIO
1576 2634 1703 2714 Autperts

234 2727 380 2805 imagines
401 2725 462 2808 4444
480 2729 585 2790 644444
606 2731 729 2808 ldagnn:
753 2729 876 2794 Caluini
893 2733 959 2812 qni·
1012 2733 1092 2812 qnod
1114 2733 1236 2794 Oudino
1255 2734 1347 2792 etiam
1369 2730 1465 2810 placet
1485 2737 1506 2790 t
1527 2733 1538 2791 4
1564 2745 1589 2807 4.
1609 2727 1685 2789 4696.

229 2821 302 2882 dom
322 2819 400 2882 liber
420 2823 547 2884 Alcuiua
570 2821 676 2885 Garuli
696 2826 736 2884 44.
753 2824 955 2906 praeceptori.
1051 2829 1145 2890 Notae
1167 2827 1300 2886 virorum
1321 2825 1479 2886 Doctorum
1495 2825 1523 2883 44
1537 2817 1631 2883 lsidori
1644 2835 1703 2898 ape

229 2913 335 2975 isidori
350 2915 416 2976 libri
432 2917 462 2974 in
480 2917 702 2994 antiquioribus
714 2917 897 2980 editionibus
912 2921 958 2979 in·
1011 2935 1043 2982 ra
1065 2937 1119 2999 per
1137 2920 1281 2979 ioannem
1302 2914 1440 2978 6446444444
1461 2917 1596 2978 collectae
1614 2919 1702 2974 etna·

232 3009 408 3068 scribuntur
424 3005 460 3068 rte
476 3025 592 3068 summa
611 3006 956 3090 unamquamquam
1009 3019 1077 3075 ctae
1098 3029 1164 3092 pag.
1187 3012 1330 3074 623648.

229 3099 360 3162 averbis
372 3121 379 3160 :
392 3116 511 3161 sumum
526 3099 634 3163 donum
649 3103 752 3165 DEUS
766 3109 818 3166 est.
833 3107 955 3166 lovanii
1049 3107 1098 3168 26.
1121 3103 1211 3168 Liber
1229 3101 1400 3183 glossarum
1429 3119 1467 3164 ex
1488 3102 1576 3162 variis
1602 3098 1702 3179 glossa-

229 3196 317 3257 4486.
346 3193 373 3254 t.
396 3213 451 3274 per
471 3197 618 3258 loannem
642 3197 680 3258 de
702 3199 902 3274 'wastatalia,
924 3204 957 3259 et
1010 3199 1083 3272 riis,
1103 3215 1181 3277 quae
1213 3197 1270 3257 sub
1291 3195 1394 3256 isidori
1416 3195 1532 3256 nomina
1560 3191 1700 3254 circumla-

227 3290 346 3368 Lrpeiac
365 3289 453 3350 4493.
471 3291 571 3368 Atque
589 3293 655 3354 siue
672 3293 736 3352 loco
753 3298 785 3352 et
801 3309 904 3366 anno,
925 3293 955 3350 in
1012 3298 1122 3353 ruutur
1142 3291 1289 3352 collectus
1310 3305 1377 3368 pag.
1397 3288 1535 3350 648-634.

229 3383 268 3442 42
284 3381 358 3442 Vide
372 3383 528 3461 Theophili
545 3385 660 3445 Sinceri
676 3383 882 3446 Naelrriclteo
897 3401 957 3448 eoo
1052 3383 1190 3446 Prodiare
1219 3391 1251 3443 et
1270 3397 1340 3442 aum
1361 3379 1469 3458 glossis
1487 3378 1594 3440 Graeco
1612 3375 1700 3438 4444444

229 3472 310 3534 alten
327 3474 391 3535 uod
405 3491 501 3536 rorem
516 3476 655 3538 Baetem
673 3495 739 3557 pag.
759 3481 826 3542 463.
845 3481 956 3542 Prodiit
1011 3477 1167 3539 Philoxeni
1187 3481 1219 3536 44
1245 3476 1390 3548 aliarum,
1410 3490 1447 3534 ex
1469 3472 1630 3533 recensione
1653 3470 1700 3528 Ea-

227 3571 259 3624 et
277 3567 370 3627 Paris.
388 3570 476 3630 4649.
495 3569 544 3629 42.
567 3569 654 3631 4638.
673 3571 725 3631 4444
746 3570 954 3634 videturesse
1009 3587 1080 3632 nav.
1099 3569 1255 3642 Vulcanii,
1277 3565 1369 3646 Lugd.
1392 3568 1424 3627 B.
1447 3564 1532 3626 4666.
1557 3563 1699 3637 r01.atque

229 3653 306 3717 liber
319 3657 600 3720 Ecclesiastr'eoram
613 3647 782 3740 dopmamm
797 3665 953 3743 sigeberto
1008 3666 1087 3726 inter
1107 3669 1270 3742 scriptores
1292 3662 1413 3722 Latinae
1433 3659 1566 3738 linguae,
1585 3652 1700 3716 recensi·

93 3739 97 3747 ¹
226 3767 292 3829 cap.
319 3753 367 3812 66.
395 3767 465 3812 nam
493 3755 544 3830 qui
568 3757 598 3814 iu
625 3755 755 3817 editione
783 3759 951 3836 Btgoaeana
1006 3765 1054 3820 tos
1075 3773 1091 3819 4
1114 3758 1259 3834 Dionysio
1276 3751 1475 3824 castanedo,
1494 3749 1601 3812 Gener.
1620 3745 1698 3810 4696.

225 3845 386 3906 Parisiensi
405 3862 454 3906 an.
476 3847 563 3908 4686,
587 3849 700 3910 4444444
721 3850 777 3912 boc
795 3851 882 3912 titulo
900 3854 953 3913 tri·
1006 3851 1094 3916 4662.
1110 3849 1199 3913 4622.
1212 3850 1238 3910 4.
1250 3856 1362 3910 etcum
1374 3845 1606 3909 annotationibus
1619 3843 1696 3901 4444-

224 3936 345 4012 buitur,
361 3946 513 4000 auctorem
533 3940 623 4002 babet
641 3943 832 4006 Gennadium
847 3949 951 4008 Masai-
1005 3948 1054 4006 nis
1077 3942 1220 4006 ludovici
1236 3941 1274 4003 de
1291 3942 1319 4002 la
1340 3939 1454 4015 64444,
1475 3941 1504 3998 44
1523 3935 1586 4016 ejus
1604 3933 1696 3997 44444-

225 4030 361 4092 lieosem.
378 4031 514 4094 lsidarns
535 4033 566 4094 io
584 4033 656 4096 Fide
674 4035 830 4098 Gotbotica
847 4041 950 4102 lauda·
1005 4039 1093 4100 soriis
1107 4038 1223 4111 sacris,
1239 4035 1331 4113 Lugd.
1351 4033 1438 4095 4626.
1455 4033 1502 4093 444.
1514 4032 1604 4110 capite
1616 4025 1694 4088 lel

225 4132 276 4196 tur
301 4124 339 4186 ab
360 4127 456 4188 AEoea
478 4128 569 4189 Paris.
591 4137 694 4192 contra
720 4133 870 4194 Graecos:
895 4133 949 4196 sed
1004 4149 1034 4212 p.
1055 4129 1124 4194 347.
1145 4145 1210 4207 seq.
1233 4134 1265 4192 et
1281 4130 1445 4188 novissima
1465 4125 1619 4186 illustratae
1636 4134 1695 4179 ero-

224 4219 362 4298 intalligit
389 4223 481 4283 libras
506 4221 544 4284 de
565 4241 626 4302 qua
648 4242 738 4305 supra
768 4245 786 4286 n
827 4229 875 4290 49.
900 4229 948 4288 Ex
1003 4224 1075 4286 ditis
1094 4225 1138 4285 Jo.
1160 4223 1278 4302 Georgii
1299 4222 1418 4282 Graevii
1438 4213 1692 4284 observationibus,

223 4309 297 4370 libra
313 4317 409 4392 primo
426 4319 646 4378 sententiarum
668 4335 733 4398 cap·
752 4320 831 4382 7-t0.
850 4328 881 4380 et
898 4322 948 4382 88.
1003 4324 1036 4379 44
1056 4317 1195 4378 auctario
1213 4313 1385 4396 glossarum
1405 4316 1494 4391 atque
1522 4305 1693 4372 mlteoaoeis

121 4441 124 4448 ‚
225 4417 287 4478 seq.
304 4411 418 4482 petitus
439 4411 528 4470 Liber
548 4409 585 4472 de
605 4413 759 4474 conversis
779 4411 822 4473 ad
839 4415 948 4476 Mono-
1002 4411 1149 4473 Theodori
1172 4411 1323 4471 ianssonii
1344 4407 1382 4468 ab
1402 4405 1612 4474 Abmelaveeu,
1640 4411 1692 4460 uua

225 4489 293 4553 4444
314 4515 403 4574 quem
425 4504 511 4564 velut
532 4505 677 4566 ineditum
700 4507 837 4585 vulgavit
858 4507 948 4570 Cani·
1001 4523 1071 4567 cum
1095 4505 1203 4564 Lerina
1221 4503 1392 4583 philologiae
1409 4501 1526 4561 tertium
1540 4496 1613 4558 edito
1630 4495 1693 4554 4444

225 4583 289 4642 sius
316 4595 387 4650 tam.
410 4597 443 4655 V.
472 4597 499 4657 2.
530 4601 647 4678 antiqu.
674 4601 754 4660 Lect.
782 4617 848 4681 pag.
877 4603 946 4664 305.
1002 4599 1084 4659 tbiae
1105 4598 1253 4670 Martiali,
1286 4593 1411 4673 Trajecti
1441 4591 1477 4654 ad
1508 4591 1597 4652 tlben.
1615 4585 1693 4648 4698.

227 4673 316 4745 (tam.
336 4682 360 4739 44
380 4685 407 4744 2.
425 4689 496 4748 edit.
515 4709 610 4752 novae
629 4709 694 4773 pag.
713 4695 801 4772 l53.l
820 4704 852 4758 ut
870 4697 948 4760 Con-
1002 4693 1051 4754 tol.
1079 4691 1238 4772 (exempla
1268 4689 1413 4768 quaedam
1446 4688 1574 4750 referunt
1605 4685 1691 4746 Amat.

227 4767 358 4832 stantina
380 4777 521 4854 cajetano
543 4785 751 4850 observatum.
1004 4786 1113 4864 4764.)
