3624 5600
235 91 297 154 456
654 127 656 130 -
859 85 1112 148 4041414448

225 198 272 283 lit.
294 193 371 256 1444.
394 194 438 254 lle
455 191 617 259 Maximino
636 191 702 266 illo,
718 192 810 270 inira,
824 195 948 256 LUPUS
1045 193 1386 277 macrocosmus,
1399 199 1687 280 4644844444444-

271 283 486 368 l‘olyyrcplu'ce
507 281 582 344 libri
598 301 676 362 seor,
706 286 743 346 ad
775 288 951 350 ldaximilia·
1002 293 1033 347 to
1054 285 1162 348 theatri
1180 287 1321 367 Chymioi
1338 297 1369 350 et
1388 291 1476 354 4595.
1490 293 1518 352 6.
1532 310 1597 355 cura
1611 294 1688 356 6444-

229 399 302 444 num
323 381 503 452 Caesarem,
525 394 596 438 cum
617 375 704 439 clare
725 381 790 440 sive
811 380 952 444 enuclea·
1002 381 1041 459 gii
1059 379 1170 458 lliplaei
1179 383 1379 445 axiomatibus
1392 384 1557 464 Philosnph
1566 386 1688 448 etolden

229 477 324 548 torio,
347 475 375 532 in
397 471 509 550 quibus
531 470 636 550 plures
657 471 810 534 scribendi
844 473 950 559 modos
1003 473 1079 534 liber
1093 474 1203 536 xvltl.
1218 485 1361 538 44444444
1377 478 1520 556 capitibus
1535 478 1689 543 Germanice

174 577 180 583 '
227 569 336 649 aperit,
350 573 382 625 et
395 565 473 626 libro
484 571 572 626 sexto
590 563 750 642 alphabeta
767 567 950 627 Francorum
1005 568 1186 630 interlibros
1200 571 1238 630 ls.
1255 571 1350 632 Vossii
1366 573 1424 632 148.
1443 573 1471 632 44
1482 572 1551 632 84141.
1563 572 1689 635 leidensi

227 669 376 736 veterum,
394 660 627 734 Germanorum,
642 658 882 720 Narmannorum
893 667 951 722 atc.
1045 660 1122 722 Lber
1143 659 1179 722 de
1195 661 1352 743 44444444,
1366 664 1539 726 Germanice
1552 665 1690 744 ingolstad.

226 756 330 817 excusi
352 755 477 814 suntin
498 767 593 830 parvo
620 750 689 810 lolio
720 750 778 812 444.
812 753 900 814 4546.
934 769 952 813 a
1006 755 1093 815 4555.
1115 752 1145 814 b.
1166 755 1240 816 Vide
1261 763 1370 836 supra'

226 849 341 910 Ioanne
358 845 540 924 liaselbergo
555 845 593 906 de
610 843 952 920 4444141444444446444-
1101 847 1256 910 lNEllthl
1277 849 1433 910 Trithemii
1452 865 1526 927 quae
1546 851 1607 928 ipse

225 943 426 1016 standensis,
458 941 510 1016 qui
542 939 634 998 etiam
667 938 791 1000 excudit
822 939 950 1002 Clavem
1145 948 1377 1016 commemorat,
1398 943 1571 1004 haec.suut:

225 1034 425 1114 expositionis
447 1030 587 1110 ejusdem
619 1030 846 1110 Polygraphiae.
876 1030 950 1093 Vide
1044 1033 1170 1094 Summo
1185 1031 1222 1094 do
1241 1033 1323 1095 4444444
1343 1039 1372 1096 44
1389 1031 1551 1096 vertutibus
1566 1051 1603 1096 ex
1620 1034 1692 1097 dictis

227 1125 684 1204 GesnsriBibl.pag.l5tl.Cum
695 1124 823 1204 Adolphi
836 1123 953 1186 4441444-
1003 1126 1184 1188 Sanctorum
1206 1130 1347 1203 Patrum,
1371 1129 1455 1189 libris
1475 1130 1510 1190 44.

226 1221 313 1299 burg.
334 1219 596 1298 explicationibus.
617 1211 722 1278 Calon.
746 1219 837 1279 4564.
862 1218 951 1280 4574.
1046 1219 1168 1280 8444444
1182 1218 1307 1280 coactio
1324 1219 1472 1301 Capituli,
1489 1217 1694 1284 ctdsmodoos

227 1317 262 1378 8.
272 1312 388 1374 Deinde
405 1329 476 1374 cnm
489 1312 589 1372 libello
601 1310 637 1372 de
653 1316 765 1390 septem
783 1310 952 1374 8444444444
1007 1309 1151 1374 4444444444
1168 1311 1278 1374 annale
1299 1311 1479 1393 Capitulum.

227 1407 291 1470 44444
313 1405 534 1486 14444149444444,
555 1403 724 1485 spiritibus
754 1403 852 1466 Orbcs
882 1408 954 1484 post
1047 1407 1090 1468 144
1109 1411 1244 1487 computo
1261 1405 1479 1470 Ecclesiastico.

226 1497 862 1572 14144414444444444444444144444414444444,
879 1514 950 1560 cam
1049 1496 1138 1560 dibri
1162 1501 1349 1580 posteriores
1379 1500 1645 1562 commentariorum
1670 1500 1696 1560 44

227 1595 352 1673 praelat.
368 1593 487 1672 Georgii
498 1593 657 1672 Phuegcri,
669 1589 825 1653 Germani.
836 1591 956 1670 Argen·
1005 1591 1150 1670 11494444
1170 1595 1202 1654 S.
1223 1591 1381 1655 Benedicti.
1779 1633 1780 1658 4

227 1693 315 1748 44444.
339 1687 426 1749 4666.
448 1689 477 1746 8.
499 1686 632 1746 Libellus
653 1687 710 1745 iste
727 1684 879 1763 prodierat
897 1682 951 1743 44.
1047 1683 1316 1748 Pmtcriwesb'brt'
1324 1683 1697 1768 Steyaaoqraploiteetalhd

230 1780 319 1842 4545.
340 1787 371 1842 44
388 1777 595 1841 6414444567.
615 1781 644 1838 8.
665 1785 757 1856 atque
780 1779 859 1838 inter
879 1793 950 1855 ope·
1005 1777 1085 1856 quot
1110 1781 1174 1858 ipsa
1196 1785 1284 1840 vocat
1305 1796 1384 1858 opus
1400 1779 1531 1840 mirabile
1546 1787 1575 1840 ct
1591 1778 1697 1839 laboris

226 1890 259 1935 ra
280 1891 298 1934 a
319 1874 450 1934 Frahero
471 1872 552 1934 adita
573 1874 604 1932 44
625 1872 697 1932 tomi
721 1871 811 1949 primi
843 1869 950 1929 statim
1004 1887 1075 1932 sum
1094 1871 1309 1948 rhorlsupopm
1328 1873 1393 1933 sira
1412 1867 1695 1952 444444444444444,

226 1969 349 2030 limina:
369 1975 403 2028 et
422 1965 603 2028 Germanice
621 1963 753 2026 Norimb.
776 1963 864 2024 toth
887 1962 916 2021 4.
1005 1962 1095 2042 ouius
1115 1964 1298 2026 adminiculo
1328 1963 1417 2025 homo
1437 1966 1555 2025 latinas
1579 1965 1693 2041 lingone

263 2057 544 2140 Stepcooprcplob,
566 2059 636 2120 sive.
650 2056 687 2140 de
710 2057 825 2116 rationo
847 2055 952 2118 oecul-
1006 2059 1130 2136 penitus
1161 2059 1303 2135 44444444,
1324 2057 1412 2118 modo
1443 2057 1556 2118 litteras
1586 2056 1696 2116 lormarc

224 2162 254 2214 te
271 2152 442 2214 scribendi:
462 2154 491 2212 in
513 2152 641 2231 gratiam
662 2149 810 2210 toachimi
828 2149 949 2209 Electa·
1005 2153 1103 2226 sciat,
1126 2152 1155 2212 in
1178 2167 1238 2214 nna
1259 2150 1418 2214 haraeum
1434 2153 1493 2214 14444
1510 2157 1540 2210 at
1554 2149 1697 2210 144444444-

223 2250 265 2308 ris
286 2246 552 2324 ltmndenburgici.
569 2241 728 2306 4414444444
746 2243 828 2303 illam
846 2249 877 2301 st
895 2255 949 2318 pro
1004 2245 1131 2304 44144444
1162 2243 1261 2305 4144444
1290 2261 1385 2304 unum
1417 2231 1563 2305 occultum
1589 2241 1696 2302 modum

226 2339 276 2400 illa
288 2339 376 2400 multi
387 2339 535 2399 hactenus
546 2338 742 2415 scripserunt,
754 2335 820 2396 aliis
837 2334 948 2412 llagiaa
1007 2353 1069 2414 quo
1087 2337 1193 2396 Latine
1208 2352 1341 2416 congrae
1355 2343 1386 2398 et
1401 2341 1506 2397 ornato
1520 2335 1624 2415 poterit
1637 2331 1698 2394 sori

223 2423 392 2512 prohibitae
413 2431 537 2490 nomina
558 2428 776 2490 damnantibus
802 2433 835 2488 et
864 2427 948 2488 llam·
1001 2429 1093 2502 bera,
1116 2427 1262 2507 quicquid
1294 2429 1445 2524 coluerit,
1477 2431 1505 2488 in
1534 2439 1697 2506 quocunque

226 2541 294 2586 mae
314 2523 549 2601 addicentibus,
568 2521 644 2586 Vide
659 2519 769 2582 laudati
789 2519 945 2582 Schelhor·
1002 2522 1123 2600 negotio
1147 2520 1259 2583 llnndi.
1281 2521 1362 2600 1144,
1383 2523 1502 2600 iuquit,
1523 2536 1595 2602 opas
1613 2517 1696 2580 4441444

226 2621 266 2679 nii
287 2618 487 2679 amoenitates
508 2622 580 2677 tom.
602 2613 632 2676 7.
653 2632 719 2694 pag.
739 2614 807 2676 4445.
825 2619 857 2674 ot
874 2615 904 2674 l.
922 2613 945 2672 l.
1000 2611 1079 2674 rasili
1094 2612 1312 2676 moeremus·
1319 2659 1327 2692 ,
1348 2611 1632 2678 4444144444444444
1647 2613 1693 2672 lis·

225 2711 415 2791 Beysohlagii
433 2709 571 2789 sylldgan
585 2726 615 2787 p.
627 2709 696 2769 945.
709 2707 776 2768 aliis
787 2706 952 2784 benignius
998 2707 1050 2786 pi,
1073 2707 1253 2786 Eurypooo,
1276 2715 1307 2769 et
1327 2705 1451 2788 4444444144
1471 2708 1535 2768 sira
1555 2706 1635 2767 hatti
1657 2701 1697 2764 la-

226 2803 508 2883 interprstautihus.
526 2809 558 2864 et
571 2802 609 2864 ab
619 2803 701 2862 omni
711 2801 779 2864 lahe
790 2800 951 2876 malapur-
1002 2800 1078 2864 oobo
1098 2799 1275 2862 Trithemio.

223 2898 376 2978 gentihus.
393 2899 458 2960 Non
472 2896 610 2958 universi
626 2901 695 2955 octo
712 2893 780 2954 sed.
796 2897 859 2955 4444
878 2889 952 2954 labri
1043 2894 1087 2954 144
1100 2893 1191 2956 certis
1204 2889 1697 2974 omestiorabuadroscisritllon·
1779 2963 1780 2986 ¹

224 2997 346 3054 tantum
362 3007 433 3052 cum
450 2987 535 3052 41444
551 3005 607 3067 per
623 2987 826 3048 Trithemium
836 2983 947 3059 addita,
1000 2985 1077 3068 pelio
1097 2987 1239 3064 4444444,
1259 2989 1331 3050 sitio
1350 2987 1530 3068 saeptorum
1543 2977 1699 3065 depromisit
1779 2999 1780 3032 4

223 3092 256 3148 44
276 3084 410 3164 Phiiippo
431 3083 574 3144 horariae
591 3081 667 3142 Ituci
685 3080 831 3156 inscripta
848 3077 951 3140 lucem
1003 3080 1040 3142 ad
1065 3073 1699 3159 116414444414444644444141441444444,14.
1779 3145 1780 3156 ¹

225 3177 369 3238 viderunt
386 3173 623 3238 amnentloou.
638 3174 665 3233 4.
676 3169 949 3236 occaecatust.
1003 3173 1105 3236 Thaol
1137 3180 1169 3234 et
1200 3173 1385 3236 canonicum
1420 3169 1542 3249 4444444444
1561 3167 1698 3230 Ecclesiae
1775 3175 1780 3204 ·.

226 3272 254 3331 1.
275 3267 459 3349 8444444444
478 3267 605 3330 41444464
627 3265 799 3330 1444444444
816 3264 894 3326 84444
913 3263 944 3322 44
1002 3265 1199 3329 (4144444444.
1217 3267 1312 3345 lnoip.
1328 3261 1453 3327 Crebris
1471 3261 1630 3324 animract
1642 3273 1700 3340 pro

225 3366 367 3438 Bararia,
384 3361 573 3424 Trithemius
592 3362 642 3422 sui
659 3359 754 3437 ipsius
767 3355 889 3422 44444144.
900 3356 951 3420 144-
1004 3355 1090 3420 cibus
1103 3357 1224 3438 pulsor.
1518 3405 1529 3414 .

231 3454 358 3533 golstad.
381 3455 470 3516 4646.
492 3452 521 3514 b.
533 3453 577 3512 to.
595 3445 951 3515 eorumconsectaria
1044 3453 1088 3512 144
1107 3449 1289 3532 quibusdam
1305 3449 1445 3512 Psolterii
1457 3446 1576 3518 dubiis,
1591 3445 1700 3508 4444444-

227 3548 304 3610 witz
324 3548 496 3623 vindicias,
518 3548 624 3610 Calon.
648 3546 737 3606 4695.
759 3545 787 3604 4.
820 3543 951 3607 6444444
1006 3543 1083 3612 dem.
1144 3535 1147 3540 ’
1278 3573 1282 3581 -

228 3639 330 3702 Seiani
337 3643 402 3701 sive
414 3637 951 3702 serenissimiltrunsvicensiumllu·
1044 3635 1136 3700 Liber
1155 3636 1363 3718 mastonem
1381 3633 1567 3710 4444444444,
1586 3631 1623 3694 ad
1637 3631 1699 3693 ltut·

229 3734 274 3794 cis
290 3731 423 3812 4444944444
436 3730 596 3806 enudatio,
614 3727 783 3807 Lunebutg.
798 3727 887 3790 4644.
901 3727 949 3788 iol.
1003 3749 1111 3813 gerum
1134 3731 1334 3796 Sicamhrum.

230 3821 951 3907 GosparisScbottiscbolasteganographioallo·
1044 3825 1088 3886 444
1109 3823 1293 3886 4444444444444
1309 3820 1501 3903 444944444444.
1516 3821 1557 3880 144
1569 3815 1699 3880 coaice

229 3920 317 3982 rimh
332 3920 420 3982 4666.
432 3919 458 3979 4.
474 3913 580 3998 Weisy.
594 3914 717 3976 Ernesti
726 3910 852 3986 Hcidcl,
867 3916 949 3978 Wor.
1005 3919 1048 3982 4444
1063 3917 1188 3980 viduali.
1205 3919 1247 3979 144
1264 3915 1446 3978 institutione
1457 3913 1535 3977 4444
1543 3903 1698 3990 cantando

229 4015 387 4075 4444444444
408 4009 664 4091 Steganographia
678 4009 835 4070 Trithemii
853 4007 951 4068 vindi·
1045 4013 1090 4074 144
1111 4008 1263 4076 &cothus
1284 4027 1361 4090 quoe
1376 3999 1644 4070 441444444444444444
1658 3996 1699 4059 la

227 4113 315 4185 cata,
335 4112 470 4168 reserata
487 4113 518 4168 et
534 4105 696 4168 illustrata.
711 4105 845 4182 tangunt.
862 4103 949 4166 4646.
1005 4105 1120 4168 minum
1139 4109 1241 4168 nostro
1262 4107 1472 4184 apparuerunt
1485 4105 1606 4179 tempore
1621 4094 1649 4153 44
1662 4089 1699 4150 44·

229 4199 258 4262 h.
281 4207 340 4261 eto.
1004 4199 1104 4262 corsis
1117 4197 1248 4272 loces,ad
1265 4195 1436 4258 bertoldum
1453 4191 1697 4270 acchiepiscopus

264 4291 568 4372 Veteramsopborttm
581 4288 717 4372 4494444444
725 4287 952 4368 imminutiones
1006 4294 1227 4372 leguminum.
1337 4319 1361 4340 ·.

229 4387 364 4464 44494444
383 4406 400 4447 4
421 4386 577 4448 Trithcmii
594 4385 677 4447 148444
691 4390 796 4445 erutae
814 4383 903 4444 4646.
921 4382 950 4442 8.
1045 4388 1090 4448 144
1109 4384 1235 4447 miseria
1266 4381 1474 4444 Praelcwrtttt
1501 4369 1698 4441 cmaaobn

270 4478 457 4558 Philosophia
475 4477 625 4542 Naturalis
639 4476 881 4550 adGeomautia,
898 4475 953 4538 44-
1006 4480 1044 4556 ad
1065 4481 1226 4542 1444444444
1248 4477 1394 4540 4144444444
1416 4473 1660 4552 limburgensem.

231 4576 312 4646 gent.
335 4571 423 4632 4669.
444 4573 472 4632 8.
1050 4574 1206 4636 Orationes
1226 4575 1256 4633 in
1278 4571 1423 4652 Capitulis
1451 4555 1699 4630 mamuralia

297 4689 298 4695 ¹
1007 4667 1134 4730 cialibus
1167 4673 1199 4728 et
1227 4665 1410 4740 annalibus,
1431 4661 1555 4738 aliisque
1582 4656 1609 4714 in
1633 4647 1697 4711 locis

274 4777 299 4837 4)
318 4783 352 4827 oe
368 4783 458 4842 angra.
1009 4763 1172 4836 recitatae,
1191 4761 1362 4840 intorques
1381 4773 1439 4820 una
1456 4751 1589 4836 prolixior
1601 4748 1628 4806 iu
1641 4742 1698 4805 lisi-
