<?xml version="1.0" encoding="UTF-8"?>
<!DOCTYPE html PUBLIC "-//W3C//DTD XHTML 1.0 Transitional//EN"
    "http://www.w3.org/TR/xhtml1/DTD/xhtml1-transitional.dtd">
<html xmlns="http://www.w3.org/1999/xhtml" xml:lang="en" lang="en">
 <head>
  <title>
</title>
<meta http-equiv="Content-Type" content="text/html;charset=utf-8" />
  <meta name='ocr-system' content='tesseract 3.04.00' />
  <meta name='ocr-capabilities' content='ocr_page ocr_carea ocr_par ocr_line ocrx_word'/>
</head>
<body>
  <div class='ocr_page' id='page_1' title='image "./bibliothecalati00schgoog/bibliothecalati00schgoog_0087.png"; bbox 0 0 3562 5582; ppageno 0'>
   <div class='ocr_carea' id='block_1_1' title="bbox 83 235 1690 792">
    <p class='ocr_par' dir='ltr' id='par_1_1' title="bbox 205 235 1688 705">
     <span class='ocr_line' id='line_1_1' title="bbox 206 235 1688 328; baseline 0.006 -24"><span class='ocrx_word' id='word_1_1' title='bbox 206 243 255 319; x_wconf 81' lang='grc'><strong>440</strong></span> <span class='ocrx_word' id='word_1_2' title='bbox 270 263 329 324; x_wconf 88' lang='grc'><strong>000</strong></span> <span class='ocrx_word' id='word_1_3' title='bbox 348 235 528 326; x_wconf 81' lang='lat' dir='ltr'><strong>snpra&#39;tom.</strong></span> <span class='ocrx_word' id='word_1_4' title='bbox 548 249 558 306; x_wconf 93' lang='grc'><strong>4</strong></span> <span class='ocrx_word' id='word_1_5' title='bbox 574 291 580 320; x_wconf 86' lang='grc'><strong>,</strong></span> <span class='ocrx_word' id='word_1_6' title='bbox 598 239 667 326; x_wconf 75' lang='lat' dir='ltr'><strong>pag.</strong></span> <span class='ocrx_word' id='word_1_7' title='bbox 683 241 768 308; x_wconf 86' lang='grc'>4484.</span> <span class='ocrx_word' id='word_1_8' title='bbox 785 249 860 326; x_wconf 85' lang='grc'>000.)</span> <span class='ocrx_word' id='word_1_9' title='bbox 876 249 933 310; x_wconf 90' lang='lat' dir='ltr'><strong>ior-</strong></span> <span class='ocrx_word' id='word_1_10' title='bbox 985 245 1033 310; x_wconf 85' lang='lat' dir='ltr'><strong>nis</strong></span> <span class='ocrx_word' id='word_1_11' title='bbox 1060 243 1270 322; x_wconf 79' lang='lat' dir='ltr'><strong>Pontificibus,</strong></span> <span class='ocrx_word' id='word_1_12' title='bbox 1298 246 1376 308; x_wconf 81' lang='lat' dir='ltr'><strong>xllt</strong></span> <span class='ocrx_word' id='word_1_13' title='bbox 1406 249 1557 328; x_wconf 84' lang='lat' dir='ltr'><strong>Episcopis</strong></span> <span class='ocrx_word' id='word_1_14' title='bbox 1583 259 1613 312; x_wconf 91' lang='lat' dir='ltr'><strong>et</strong></span> <span class='ocrx_word' id='word_1_15' title='bbox 1636 271 1688 312; x_wconf 89' lang='lat' dir='ltr'><strong>uno</strong></span> 
     </span>
     <span class='ocr_line' id='line_1_2' title="bbox 205 333 1686 420; baseline 0.007 -23"><span class='ocrx_word' id='word_1_16' title='bbox 205 347 288 399; x_wconf 86' lang='lat' dir='ltr'><strong>tasse</strong></span> <span class='ocrx_word' id='word_1_17' title='bbox 297 345 457 420; x_wconf 81' lang='lat' dir='ltr'><strong>excerptae</strong></span> <span class='ocrx_word' id='word_1_18' title='bbox 472 355 508 400; x_wconf 86' lang='lat' dir='ltr'><strong>ex</strong></span> <span class='ocrx_word' id='word_1_19' title='bbox 520 333 653 419; x_wconf 77' lang='lat' dir='ltr'>Gregorii</span> <span class='ocrx_word' id='word_1_20' title='bbox 669 355 729 418; x_wconf 88' lang='lat' dir='ltr'><strong>ore,</strong></span> <span class='ocrx_word' id='word_1_21' title='bbox 740 346 772 401; x_wconf 87' lang='lat' dir='ltr'><strong>et</strong></span> <span class='ocrx_word' id='word_1_22' title='bbox 788 340 930 420; x_wconf 76' lang='lat' dir='ltr'><strong>digestae.</strong></span> <span class='ocrx_word' id='word_1_23' title='bbox 946 365 948 370; x_wconf 60' lang='grc'>’</span> <span class='ocrx_word' id='word_1_24' title='bbox 985 341 1178 418; x_wconf 74' lang='lat' dir='ltr'><strong>Presbytero,</strong></span> <span class='ocrx_word' id='word_1_25' title='bbox 1190 339 1320 399; x_wconf 85' lang='lat' dir='ltr'><strong>Florent.</strong></span> <span class='ocrx_word' id='word_1_26' title='bbox 1337 339 1423 400; x_wconf 79' lang='grc'>4598.</span> <span class='ocrx_word' id='word_1_27' title='bbox 1433 345 1464 400; x_wconf 90' lang='grc'><strong>04</strong></span> <span class='ocrx_word' id='word_1_28' title='bbox 1476 343 1548 403; x_wconf 79' lang='lat' dir='ltr'><strong>Aeta</strong></span> <span class='ocrx_word' id='word_1_29' title='bbox 1561 345 1686 414; x_wconf 79' lang='lat' dir='ltr'><strong>sanctur.</strong></span> 
     </span>
     <span class='ocr_line' id='line_1_3' title="bbox 207 425 1688 518; baseline 0.003 -25"><span class='ocrx_word' id='word_1_30' title='bbox 207 431 282 493; x_wconf 83' lang='lat' dir='ltr'>Vide</span> <span class='ocrx_word' id='word_1_31' title='bbox 307 430 481 511; x_wconf 90' lang='lat' dir='ltr'><strong>Gregorium</strong></span> <span class='ocrx_word' id='word_1_32' title='bbox 499 432 565 494; x_wconf 92' lang='lat' dir='ltr'><strong>libr.</strong></span> <span class='ocrx_word' id='word_1_33' title='bbox 583 435 632 495; x_wconf 69' lang='lat' dir='ltr'><strong>X.</strong></span> <span class='ocrx_word' id='word_1_34' title='bbox 645 433 743 513; x_wconf 82' lang='lat' dir='ltr'>Epist.</span> <span class='ocrx_word' id='word_1_35' title='bbox 759 433 809 494; x_wconf 71' lang='lat'><strong>22.</strong></span> <span class='ocrx_word' id='word_1_36' title='bbox 827 434 876 494; x_wconf 93' lang='lat' dir='ltr'><strong>ubi</strong></span> <span class='ocrx_word' id='word_1_37' title='bbox 892 436 933 494; x_wconf 90' lang='lat' dir='ltr'><strong>si·</strong></span> <span class='ocrx_word' id='word_1_38' title='bbox 985 439 1057 494; x_wconf 91' lang='lat' dir='ltr'><strong>tom.</strong></span> <span class='ocrx_word' id='word_1_39' title='bbox 1074 434 1103 495; x_wconf 74' lang='grc'><strong>9.</strong></span> <span class='ocrx_word' id='word_1_40' title='bbox 1121 425 1343 511; x_wconf 73' lang='grc'>44040000000.</span> <span class='ocrx_word' id='word_1_41' title='bbox 1367 433 1435 494; x_wconf 73' lang='grc'>699.</span> <span class='ocrx_word' id='word_1_42' title='bbox 1458 433 1572 512; x_wconf 61' lang='grc'>44400304</span> <span class='ocrx_word' id='word_1_43' title='bbox 1584 437 1688 518; x_wconf 68' lang='lat' dir='ltr'><strong>scrpta</strong></span> 
     </span>
     <span class='ocr_line' id='line_1_4' title="bbox 205 525 1688 610; baseline 0.005 -26"><span class='ocrx_word' id='word_1_44' title='bbox 205 525 308 610; x_wconf 80' lang='lat' dir='ltr'><strong>rnilent¹</strong></span> <span class='ocrx_word' id='word_1_45' title='bbox 327 527 355 585; x_wconf 93' lang='lat' dir='ltr'><strong>in</strong></span> <span class='ocrx_word' id='word_1_46' title='bbox 369 525 557 603; x_wconf 82' lang='lat' dir='ltr'><strong>Prophetas,</strong></span> <span class='ocrx_word' id='word_1_47' title='bbox 574 526 733 587; x_wconf 87' lang='lat' dir='ltr'><strong>Canticum</strong></span> <span class='ocrx_word' id='word_1_48' title='bbox 747 571 754 600; x_wconf 92' lang='lat'><strong>,</strong></span> <span class='ocrx_word' id='word_1_49' title='bbox 768 526 858 586; x_wconf 88' lang='lat' dir='ltr'><strong>libros</strong></span> <span class='ocrx_word' id='word_1_50' title='bbox 875 529 931 587; x_wconf 79' lang='lat' dir='ltr'><strong>lle-</strong></span> <span class='ocrx_word' id='word_1_51' title='bbox 985 528 1168 598; x_wconf 73' lang='lat' dir='ltr'><strong>uastarent,</strong></span> <span class='ocrx_word' id='word_1_52' title='bbox 1188 525 1284 602; x_wconf 89' lang='grc'>400044</span> <span class='ocrx_word' id='word_1_53' title='bbox 1302 527 1445 599; x_wconf 75' lang='lat' dir='ltr'><strong>Batonius</strong></span> <span class='ocrx_word' id='word_1_54' title='bbox 1462 527 1500 588; x_wconf 89' lang='lat' dir='ltr'><strong>ad</strong></span> <span class='ocrx_word' id='word_1_55' title='bbox 1512 528 1566 590; x_wconf 75' lang='lat' dir='ltr'><strong>An.</strong></span> <span class='ocrx_word' id='word_1_56' title='bbox 1585 531 1647 591; x_wconf 84' lang='grc'>734.</span> <span class='ocrx_word' id='word_1_57' title='bbox 1663 549 1688 590; x_wconf 92' lang='grc'><strong>0.</strong></span> 
     </span>
     <span class='ocr_line' id='line_1_5' title="bbox 205 613 1687 705; baseline 0.005 -29"><span class='ocrx_word' id='word_1_58' title='bbox 205 633 276 695; x_wconf 90' lang='lat' dir='ltr'><strong>gum</strong></span> <span class='ocrx_word' id='word_1_59' title='bbox 290 661 298 693; x_wconf 92' lang='lat'><strong>,</strong></span> <span class='ocrx_word' id='word_1_60' title='bbox 312 617 471 678; x_wconf 86' lang='lat' dir='ltr'><strong>Proverbia</strong></span> <span class='ocrx_word' id='word_1_61' title='bbox 487 624 520 678; x_wconf 92' lang='lat' dir='ltr'><strong>et</strong></span> <span class='ocrx_word' id='word_1_62' title='bbox 548 617 793 696; x_wconf 74' lang='lat' dir='ltr'>Heptateuchum</span> <span class='ocrx_word' id='word_1_63' title='bbox 808 633 929 698; x_wconf 88' lang='lat' dir='ltr'><strong>operam</strong></span> <span class='ocrx_word' id='word_1_64' title='bbox 985 622 1012 680; x_wconf 94' lang='grc'><strong>4.</strong></span> <span class='ocrx_word' id='word_1_65' title='bbox 1030 613 1196 698; x_wconf 75' lang='lat' dir='ltr'><strong>respuent</strong></span> <span class='ocrx_word' id='word_1_66' title='bbox 1217 633 1250 677; x_wconf 89' lang='lat' dir='ltr'><strong>ao</strong></span> <span class='ocrx_word' id='word_1_67' title='bbox 1268 621 1369 695; x_wconf 81' lang='grc'>000400</span> <span class='ocrx_word' id='word_1_68' title='bbox 1391 617 1558 699; x_wconf 72' lang='lat' dir='ltr'><strong>diligemur</strong></span> <span class='ocrx_word' id='word_1_69' title='bbox 1577 624 1687 705; x_wconf 75' lang='lat' dir='ltr'><strong>scriptia</strong></span> 
     </span>
    </p>

    <p class='ocr_par' dir='ltr' id='par_1_2' title="bbox 83 699 1690 792">
     <span class='ocr_line' id='line_1_6' title="bbox 83 699 1690 792; baseline 0.007 -25"><span class='ocrx_word' id='word_1_70' title='bbox 83 699 95 720; x_wconf 79' lang='grc'><strong>“</strong></span> <span class='ocrx_word' id='word_1_71' title='bbox 205 727 220 768; x_wconf 89' lang='grc'><strong>0</strong></span> <span class='ocrx_word' id='word_1_72' title='bbox 238 709 362 770; x_wconf 86' lang='lat' dir='ltr'><strong>Claudio</strong></span> <span class='ocrx_word' id='word_1_73' title='bbox 376 710 425 770; x_wconf 90' lang='lat' dir='ltr'><strong>ilio</strong></span> <span class='ocrx_word' id='word_1_74' title='bbox 440 712 609 773; x_wconf 89' lang='lat' dir='ltr'><strong>insumtam</strong></span> <span class='ocrx_word' id='word_1_75' title='bbox 628 717 770 771; x_wconf 87' lang='lat' dir='ltr'><strong>testatur.</strong></span> <span class='ocrx_word' id='word_1_76' title='bbox 983 709 1143 772; x_wconf 79' lang='lat' dir='ltr'><em>mandatae</em></span> <span class='ocrx_word' id='word_1_77' title='bbox 1154 713 1263 785; x_wconf 78' lang='lat' dir='ltr'><strong>dasem,</strong></span> <span class='ocrx_word' id='word_1_78' title='bbox 1278 709 1420 790; x_wconf 77' lang='lat' dir='ltr'><strong>Gregorio</strong></span> <span class='ocrx_word' id='word_1_79' title='bbox 1436 729 1542 792; x_wconf 39' lang='lat' dir='ltr'><strong>magno,</strong></span> <span class='ocrx_word' id='word_1_80' title='bbox 1554 714 1631 777; x_wconf 84' lang='lat' dir='ltr'><strong>houd</strong></span> <span class='ocrx_word' id='word_1_81' title='bbox 1643 717 1690 777; x_wconf 85' lang='lat' dir='ltr'><strong>rri-</strong></span> 
     </span>
    </p>
   </div>
   <div class='ocr_carea' id='block_1_2' title="bbox 137 801 1765 4882">
    <p class='ocr_par' dir='ltr' id='par_1_3' title="bbox 137 801 1765 4882">
     <span class='ocr_line' id='line_1_7' title="bbox 246 801 1690 886; baseline 0.003 -20"><span class='ocrx_word' id='word_1_82' title='bbox 246 803 467 882; x_wconf 67' lang='lat' dir='ltr'><strong>redopertae</strong></span> <span class='ocrx_word' id='word_1_83' title='bbox 492 803 523 864; x_wconf 83' lang='lat' dir='ltr'><strong>in</strong></span> <span class='ocrx_word' id='word_1_84' title='bbox 551 801 708 866; x_wconf 82' lang='lat' dir='ltr'><strong>Canticum</strong></span> <span class='ocrx_word' id='word_1_85' title='bbox 735 801 929 865; x_wconf 79' lang='grc'>0004400000</span> <span class='ocrx_word' id='word_1_86' title='bbox 982 820 1085 864; x_wconf 84' lang='lat' dir='ltr'><strong>mrem</strong></span> <span class='ocrx_word' id='word_1_87' title='bbox 1100 803 1303 882; x_wconf 73' lang='grc'>0004400000.</span> <span class='ocrx_word' id='word_1_88' title='bbox 1319 805 1445 866; x_wconf 83' lang='lat' dir='ltr'><strong>Praeter</strong></span> <span class='ocrx_word' id='word_1_89' title='bbox 1470 807 1614 886; x_wconf 79' lang='lat' dir='ltr'><strong>Epistulas</strong></span> <span class='ocrx_word' id='word_1_90' title='bbox 1627 811 1690 870; x_wconf 85' lang='lat' dir='ltr'><strong>alia·</strong></span> 
     </span>
     <span class='ocr_line' id='line_1_8' title="bbox 204 893 1688 977; baseline 0.005 -20"><span class='ocrx_word' id='word_1_91' title='bbox 204 896 281 962; x_wconf 81' lang='lat' dir='ltr'><strong>hasil</strong></span> <span class='ocrx_word' id='word_1_92' title='bbox 299 898 388 958; x_wconf 84' lang='grc'>4496.</span> <span class='ocrx_word' id='word_1_93' title='bbox 413 899 439 958; x_wconf 88' lang='grc'><strong>4.</strong></span> <span class='ocrx_word' id='word_1_94' title='bbox 462 899 553 959; x_wconf 85' lang='lat' dir='ltr'><strong>Paris.</strong></span> <span class='ocrx_word' id='word_1_95' title='bbox 584 897 672 958; x_wconf 88' lang='grc'>4498.</span> <span class='ocrx_word' id='word_1_96' title='bbox 688 898 715 956; x_wconf 95' lang='grc'><strong>4.</strong></span> <span class='ocrx_word' id='word_1_97' title='bbox 734 903 766 957; x_wconf 88' lang='grc'><strong>04</strong></span> <span class='ocrx_word' id='word_1_98' title='bbox 789 897 930 959; x_wconf 79' lang='grc'>4449444.-</span> <span class='ocrx_word' id='word_1_99' title='bbox 983 913 1042 974; x_wconf 85' lang='lat' dir='ltr'><strong>que</strong></span> <span class='ocrx_word' id='word_1_100' title='bbox 1059 893 1327 976; x_wconf 74' lang='lat' dir='ltr'><strong>scripsisteferlur</strong></span> <span class='ocrx_word' id='word_1_101' title='bbox 1343 899 1574 977; x_wconf 80' lang='lat' dir='ltr'><strong>Responsionum</strong></span> <span class='ocrx_word' id='word_1_102' title='bbox 1591 901 1688 970; x_wconf 89' lang='lat' dir='ltr'><strong>librum</strong></span> 
     </span>
     <span class='ocr_line' id='line_1_9' title="bbox 202 987 1687 1070; baseline 0.001 -20"><span class='ocrx_word' id='word_1_103' title='bbox 202 991 275 1051; x_wconf 80' lang='lat' dir='ltr'><strong>Pho</strong></span> <span class='ocrx_word' id='word_1_104' title='bbox 292 989 399 1051; x_wconf 81' lang='lat' dir='ltr'><strong>Abbati</strong></span> <span class='ocrx_word' id='word_1_105' title='bbox 423 991 648 1052; x_wconf 87' lang='lat' dir='ltr'><strong>Fontanellensi</strong></span> <span class='ocrx_word' id='word_1_106' title='bbox 666 988 816 1068; x_wconf 87' lang='lat' dir='ltr'><strong>adscripta</strong></span> <span class='ocrx_word' id='word_1_107' title='bbox 832 992 864 1050; x_wconf 91' lang='grc'><strong>40</strong></span> <span class='ocrx_word' id='word_1_108' title='bbox 881 990 930 1050; x_wconf 83' lang='grc'><strong>40-</strong></span> <span class='ocrx_word' id='word_1_109' title='bbox 984 997 1078 1050; x_wconf 90' lang='lat' dir='ltr'><strong>unum</strong></span> <span class='ocrx_word' id='word_1_110' title='bbox 1096 987 1139 1048; x_wconf 84' lang='lat' dir='ltr'><strong>ad</strong></span> <span class='ocrx_word' id='word_1_111' title='bbox 1160 989 1285 1055; x_wconf 80' lang='grc'>400000</span> <span class='ocrx_word' id='word_1_112' title='bbox 1302 988 1443 1050; x_wconf 75' lang='lat' dir='ltr'><em>Isauram</em></span> <span class='ocrx_word' id='word_1_113' title='bbox 1465 991 1537 1070; x_wconf 84' lang='lat' dir='ltr'><strong>lmp.</strong></span> <span class='ocrx_word' id='word_1_114' title='bbox 1561 999 1591 1054; x_wconf 91' lang='lat' dir='ltr'><strong>et</strong></span> <span class='ocrx_word' id='word_1_115' title='bbox 1605 995 1687 1054; x_wconf 87' lang='lat' dir='ltr'><strong>alium</strong></span> 
     </span>
     <span class='ocr_line' id='line_1_10' title="bbox 203 1080 1687 1162; baseline 0.004 -20"><span class='ocrx_word' id='word_1_116' title='bbox 203 1081 267 1142; x_wconf 89' lang='lat' dir='ltr'><strong>cobi</strong></span> <span class='ocrx_word' id='word_1_117' title='bbox 284 1081 432 1161; x_wconf 83' lang='lat' dir='ltr'><strong>Hammey</strong></span> <span class='ocrx_word' id='word_1_118' title='bbox 449 1083 660 1162; x_wconf 85' lang='lat' dir='ltr'><strong>supplemento</strong></span> <span class='ocrx_word' id='word_1_119' title='bbox 678 1084 801 1143; x_wconf 85' lang='lat' dir='ltr'><strong>Petrum</strong></span> <span class='ocrx_word' id='word_1_120' title='bbox 819 1083 930 1160; x_wconf 76' lang='grc'>0984.</span> <span class='ocrx_word' id='word_1_121' title='bbox 985 1081 1028 1141; x_wconf 86' lang='lat' dir='ltr'><strong>ori</strong></span> <span class='ocrx_word' id='word_1_122' title='bbox 1039 1080 1227 1161; x_wconf 71' lang='lat' dir='ltr'><strong>Episcopum</strong></span> <span class='ocrx_word' id='word_1_123' title='bbox 1245 1080 1440 1146; x_wconf 84' lang='lat' dir='ltr'><strong>GPolrtooum</strong></span> <span class='ocrx_word' id='word_1_124' title='bbox 1463 1085 1633 1146; x_wconf 80' lang='lat' dir='ltr'><strong>iohannem.</strong></span> <span class='ocrx_word' id='word_1_125' title='bbox 1647 1087 1687 1148; x_wconf 78' lang='lat' dir='ltr'><strong>tt</strong></span> 
     </span>
     <span class='ocr_line' id='line_1_11' title="bbox 186 1173 1688 1254; baseline 0.002 -20"><span class='ocrx_word' id='word_1_126' title='bbox 186 1176 375 1254; x_wconf 77' lang='lat' dir='ltr'><strong>‚tributaque</strong></span> <span class='ocrx_word' id='word_1_127' title='bbox 393 1179 422 1236; x_wconf 90' lang='grc'><strong>40</strong></span> <span class='ocrx_word' id='word_1_128' title='bbox 440 1177 531 1236; x_wconf 88' lang='lat' dir='ltr'><strong>libros</strong></span> <span class='ocrx_word' id='word_1_129' title='bbox 548 1174 634 1241; x_wconf 88' lang='lat' dir='ltr'><strong>duos.</strong></span> <span class='ocrx_word' id='word_1_130' title='bbox 649 1173 927 1250; x_wconf 81' lang='lat' dir='ltr'><strong>ConterOutlinum</strong></span> <span class='ocrx_word' id='word_1_131' title='bbox 949 1190 952 1199; x_wconf 93' lang='lat'>·</span> <span class='ocrx_word' id='word_1_132' title='bbox 983 1174 1040 1234; x_wconf 89' lang='lat' dir='ltr'><strong>hoo</strong></span> <span class='ocrx_word' id='word_1_133' title='bbox 1056 1175 1198 1253; x_wconf 75' lang='lat' dir='ltr'><strong>Gregorio</strong></span> <span class='ocrx_word' id='word_1_134' title='bbox 1220 1176 1248 1234; x_wconf 89' lang='lat' dir='ltr'><strong>in</strong></span> <span class='ocrx_word' id='word_1_135' title='bbox 1267 1174 1457 1238; x_wconf 84' lang='lat' dir='ltr'><strong>Germaniam</strong></span> <span class='ocrx_word' id='word_1_136' title='bbox 1482 1179 1563 1238; x_wconf 85' lang='lat' dir='ltr'><strong>missi</strong></span> <span class='ocrx_word' id='word_1_137' title='bbox 1581 1179 1610 1238; x_wconf 87' lang='lat' dir='ltr'><strong>S.</strong></span> <span class='ocrx_word' id='word_1_138' title='bbox 1625 1178 1688 1240; x_wconf 78' lang='lat' dir='ltr'><strong>dor-</strong></span> 
     </span>
     <span class='ocr_line' id='line_1_12' title="bbox 200 1263 1688 1348; baseline 0.001 -20"><span class='ocrx_word' id='word_1_139' title='bbox 200 1276 275 1329; x_wconf 89' lang='lat' dir='ltr'><strong>tom.</strong></span> <span class='ocrx_word' id='word_1_140' title='bbox 295 1273 306 1330; x_wconf 93' lang='grc'>4</span> <span class='ocrx_word' id='word_1_141' title='bbox 326 1316 333 1344; x_wconf 89' lang='grc'>,</span> <span class='ocrx_word' id='word_1_142' title='bbox 350 1285 417 1347; x_wconf 88' lang='lat' dir='ltr'><strong>pag.</strong></span> <span class='ocrx_word' id='word_1_143' title='bbox 437 1269 523 1330; x_wconf 86' lang='grc'>4543.</span> <span class='ocrx_word' id='word_1_144' title='bbox 552 1271 602 1347; x_wconf 88' lang='grc'><strong>004</strong></span> <span class='ocrx_word' id='word_1_145' title='bbox 621 1276 692 1330; x_wconf 89' lang='lat' dir='ltr'><strong>torn.</strong></span> <span class='ocrx_word' id='word_1_146' title='bbox 711 1270 730 1330; x_wconf 76' lang='grc'>8</span> <span class='ocrx_word' id='word_1_147' title='bbox 740 1313 750 1345; x_wconf 82' lang='grc'><strong><em>,</em></strong></span> <span class='ocrx_word' id='word_1_148' title='bbox 768 1271 835 1348; x_wconf 83' lang='lat' dir='ltr'><strong>pag·</strong></span> <span class='ocrx_word' id='word_1_149' title='bbox 860 1267 930 1328; x_wconf 91' lang='grc'>779.</span> <span class='ocrx_word' id='word_1_150' title='bbox 984 1263 1122 1328; x_wconf 76' lang='lat' dir='ltr'><strong>bibianus</strong></span> <span class='ocrx_word' id='word_1_151' title='bbox 1136 1273 1167 1326; x_wconf 88' lang='lat' dir='ltr'><strong>et</strong></span> <span class='ocrx_word' id='word_1_152' title='bbox 1184 1267 1216 1330; x_wconf 91' lang='lat' dir='ltr'><strong>S.</strong></span> <span class='ocrx_word' id='word_1_153' title='bbox 1230 1268 1399 1328; x_wconf 75' lang='lat' dir='ltr'><strong>bonifacius</strong></span> <span class='ocrx_word' id='word_1_154' title='bbox 1411 1267 1450 1329; x_wconf 89' lang='lat' dir='ltr'><strong>ad</strong></span> <span class='ocrx_word' id='word_1_155' title='bbox 1463 1270 1576 1332; x_wconf 84' lang='lat' dir='ltr'><strong>Gllristi</strong></span> <span class='ocrx_word' id='word_1_156' title='bbox 1590 1269 1688 1330; x_wconf 90' lang='lat' dir='ltr'><strong>doctri-</strong></span> 
     </span>
     <span class='ocr_line' id='line_1_13' title="bbox 202 1358 1688 1441; baseline 0.001 -21"><span class='ocrx_word' id='word_1_157' title='bbox 202 1360 290 1420; x_wconf 87' lang='lat' dir='ltr'><strong>editit</strong></span> <span class='ocrx_word' id='word_1_158' title='bbox 307 1361 504 1422; x_wconf 88' lang='lat' dir='ltr'><strong>suh-nomine</strong></span> <span class='ocrx_word' id='word_1_159' title='bbox 521 1361 684 1422; x_wconf 78' lang='lat' dir='ltr'><strong>llOllllllTl</strong></span> <span class='ocrx_word' id='word_1_160' title='bbox 701 1359 825 1422; x_wconf 78' lang='lat' dir='ltr'><strong>abbatis</strong></span> <span class='ocrx_word' id='word_1_161' title='bbox 835 1358 864 1420; x_wconf 84' lang='lat' dir='ltr'><strong>S.</strong></span> <span class='ocrx_word' id='word_1_162' title='bbox 882 1361 930 1420; x_wconf 87' lang='lat' dir='ltr'><strong>Vi·</strong></span> <span class='ocrx_word' id='word_1_163' title='bbox 969 1377 1057 1421; x_wconf 85' lang='lat' dir='ltr'><strong>¹narn</strong></span> <span class='ocrx_word' id='word_1_164' title='bbox 1074 1359 1304 1440; x_wconf 82' lang='lat' dir='ltr'><strong>propagandam.</strong></span> <span class='ocrx_word' id='word_1_165' title='bbox 1318 1359 1426 1436; x_wconf 85' lang='lat' dir='ltr'><strong>Etiam,</strong></span> <span class='ocrx_word' id='word_1_166' title='bbox 1437 1362 1688 1441; x_wconf 76' lang='lat' dir='ltr'><strong>liedatestaprael.</strong></span> 
     </span>
     <span class='ocr_line' id='line_1_14' title="bbox 202 1452 1688 1533; baseline 0.002 -19"><span class='ocrx_word' id='word_1_167' title='bbox 202 1456 283 1533; x_wconf 87' lang='lat' dir='ltr'><strong>gotis</strong></span> <span class='ocrx_word' id='word_1_168' title='bbox 299 1453 481 1532; x_wconf 77' lang='lat' dir='ltr'><strong>bajocensis.</strong></span> <span class='ocrx_word' id='word_1_169' title='bbox 983 1453 1019 1513; x_wconf 91' lang='grc'><strong>04</strong></span> <span class='ocrx_word' id='word_1_170' title='bbox 1033 1507 1036 1514; x_wconf 88' lang='grc'><em>,</em></span> <span class='ocrx_word' id='word_1_171' title='bbox 1048 1455 1159 1532; x_wconf 85' lang='lat' dir='ltr'><strong>Regem</strong></span> <span class='ocrx_word' id='word_1_172' title='bbox 1184 1452 1388 1532; x_wconf 84' lang='lat' dir='ltr'><strong>centuplum,</strong></span> <span class='ocrx_word' id='word_1_173' title='bbox 1406 1454 1577 1516; x_wconf 87' lang='lat' dir='ltr'><strong>Notbelmus</strong></span> <span class='ocrx_word' id='word_1_174' title='bbox 1596 1455 1688 1517; x_wconf 75' lang='grc'>440040</span> 
     </span>
     <span class='ocr_line' id='line_1_15' title="bbox 169 1543 1688 1628; baseline 0.001 -24"><span class='ocrx_word' id='word_1_175' title='bbox 169 1599 172 1604; x_wconf 94' lang='grc'>.</span> <span class='ocrx_word' id='word_1_176' title='bbox 247 1547 296 1620; x_wconf 78' lang='grc'><strong>43)</strong></span> <span class='ocrx_word' id='word_1_177' title='bbox 322 1547 358 1606; x_wconf 87' lang='grc'><strong>40</strong></span> <span class='ocrx_word' id='word_1_178' title='bbox 381 1551 492 1628; x_wconf 84' lang='lat' dir='ltr'><strong>septem</strong></span> <span class='ocrx_word' id='word_1_179' title='bbox 521 1545 655 1608; x_wconf 85' lang='lat' dir='ltr'><strong>Psalmos</strong></span> <span class='ocrx_word' id='word_1_180' title='bbox 685 1543 928 1626; x_wconf 68' lang='lat' dir='ltr'><strong>poenitentiales,</strong></span> <span class='ocrx_word' id='word_1_181' title='bbox 983 1551 1045 1607; x_wconf 89' lang='lat' dir='ltr'><strong>siae</strong></span> <span class='ocrx_word' id='word_1_182' title='bbox 1071 1545 1270 1608; x_wconf 86' lang='lat' dir='ltr'><strong>Londinansis</strong></span> <span class='ocrx_word' id='word_1_183' title='bbox 1288 1545 1615 1627; x_wconf 79' lang='lat' dir='ltr'><strong>Presbyter,.Gregorio</strong></span> <span class='ocrx_word' id='word_1_184' title='bbox 1630 1564 1688 1626; x_wconf 88' lang='lat' dir='ltr'><strong>per-</strong></span> 
     </span>
     <span class='ocr_line' id='line_1_16' title="bbox 203 1637 1687 1719; baseline 0 -19"><span class='ocrx_word' id='word_1_185' title='bbox 203 1641 293 1701; x_wconf 78' lang='grc'>80440.</span> <span class='ocrx_word' id='word_1_186' title='bbox 317 1641 403 1700; x_wconf 79' lang='lat' dir='ltr'><strong>tota.</strong></span> <span class='ocrx_word' id='word_1_187' title='bbox 432 1637 694 1719; x_wconf 86' lang='lat' dir='ltr'><strong>quam·Gre&#39;gorio</strong></span> <span class='ocrx_word' id='word_1_188' title='bbox 718 1641 781 1700; x_wconf 92' lang='lat' dir='ltr'><strong>Vll.</strong></span> <span class='ocrx_word' id='word_1_189' title='bbox 807 1639 928 1717; x_wconf 86' lang='lat' dir='ltr'><strong>quidam</strong></span> <span class='ocrx_word' id='word_1_190' title='bbox 983 1642 1137 1712; x_wconf 73' lang='lat' dir='ltr'><strong>mittente,</strong></span> <span class='ocrx_word' id='word_1_191' title='bbox 1155 1639 1187 1700; x_wconf 90' lang='lat' dir='ltr'><strong>S.</strong></span> <span class='ocrx_word' id='word_1_192' title='bbox 1211 1639 1364 1700; x_wconf 83' lang='lat' dir='ltr'><strong>Ecclesiae</strong></span> <span class='ocrx_word' id='word_1_193' title='bbox 1390 1639 1543 1702; x_wconf 81' lang='lat' dir='ltr'><strong>hnmanae</strong></span> <span class='ocrx_word' id='word_1_194' title='bbox 1557 1641 1687 1704; x_wconf 87' lang='lat' dir='ltr'><strong>scrinium</strong></span> 
     </span>
     <span class='ocr_line' id='line_1_17' title="bbox 206 1731 1755 1812; baseline 0.002 -21"><span class='ocrx_word' id='word_1_195' title='bbox 206 1733 379 1792; x_wconf 88' lang='lat' dir='ltr'><strong>maluerunt</strong></span> <span class='ocrx_word' id='word_1_196' title='bbox 394 1732 544 1809; x_wconf 88' lang='lat' dir='ltr'><strong>tribuere,</strong></span> <span class='ocrx_word' id='word_1_197' title='bbox 560 1735 702 1810; x_wconf 88' lang='lat' dir='ltr'><strong>quoniam</strong></span> <span class='ocrx_word' id='word_1_198' title='bbox 720 1732 757 1793; x_wconf 90' lang='lat' dir='ltr'><strong>ad</strong></span> <span class='ocrx_word' id='word_1_199' title='bbox 774 1732 842 1812; x_wconf 84' lang='lat' dir='ltr'><strong>ejus</strong></span> <span class='ocrx_word' id='word_1_200' title='bbox 853 1739 929 1791; x_wconf 88' lang='lat' dir='ltr'><strong>tem-</strong></span> <span class='ocrx_word' id='word_1_201' title='bbox 983 1739 1202 1811; x_wconf 81' lang='lat' dir='ltr'><strong>perscrutatus,</strong></span> <span class='ocrx_word' id='word_1_202' title='bbox 1219 1731 1371 1810; x_wconf 84' lang='lat' dir='ltr'><strong>Epistulas</strong></span> <span class='ocrx_word' id='word_1_203' title='bbox 1379 1731 1510 1810; x_wconf 80' lang='lat' dir='ltr'><strong>Gregorii</strong></span> <span class='ocrx_word' id='word_1_204' title='bbox 1525 1733 1546 1792; x_wconf 96' lang='lat' dir='ltr'><strong>l.</strong></span> <span class='ocrx_word' id='word_1_205' title='bbox 1562 1733 1690 1808; x_wconf 89' lang='lat' dir='ltr'><strong>aliorum·</strong></span> <span class='ocrx_word' id='word_1_206' title='bbox 1751 1732 1755 1744; x_wconf 65' lang='lat'><em>⁴</em></span> 
     </span>
     <span class='ocr_line' id='line_1_18' title="bbox 198 1821 1688 1904; baseline 0.001 -22"><span class='ocrx_word' id='word_1_207' title='bbox 198 1841 273 1903; x_wconf 88' lang='lat' dir='ltr'><strong>pora</strong></span> <span class='ocrx_word' id='word_1_208' title='bbox 287 1824 537 1903; x_wconf 87' lang='lat' dir='ltr'><strong>megisvidentur</strong></span> <span class='ocrx_word' id='word_1_209' title='bbox 548 1825 697 1903; x_wconf 86' lang='lat' dir='ltr'><strong>quadrare</strong></span> <span class='ocrx_word' id='word_1_210' title='bbox 712 1825 785 1884; x_wconf 89' lang='lat' dir='ltr'><strong>haec</strong></span> <span class='ocrx_word' id='word_1_211' title='bbox 799 1824 837 1885; x_wconf 91' lang='grc'><strong>04</strong></span> <span class='ocrx_word' id='word_1_212' title='bbox 848 1824 929 1884; x_wconf 86' lang='lat' dir='ltr'><strong>Peal-</strong></span> <span class='ocrx_word' id='word_1_213' title='bbox 981 1842 1041 1904; x_wconf 87' lang='grc'><strong>000</strong></span> <span class='ocrx_word' id='word_1_214' title='bbox 1065 1824 1242 1886; x_wconf 84' lang='lat' dir='ltr'><strong>Pontificum</strong></span> <span class='ocrx_word' id='word_1_215' title='bbox 1258 1826 1288 1884; x_wconf 93' lang='lat' dir='ltr'><strong>in</strong></span> <span class='ocrx_word' id='word_1_216' title='bbox 1316 1821 1474 1902; x_wconf 80' lang='lat' dir='ltr'><strong>Angliam,</strong></span> <span class='ocrx_word' id='word_1_217' title='bbox 1495 1823 1629 1886; x_wconf 83' lang='lat' dir='ltr'><strong>historiae</strong></span> <span class='ocrx_word' id='word_1_218' title='bbox 1650 1828 1688 1884; x_wconf 92' lang='lat' dir='ltr'><strong>in·</strong></span> 
     </span>
     <span class='ocr_line' id='line_1_19' title="bbox 203 1916 1686 1998; baseline 0.001 -21"><span class='ocrx_word' id='word_1_219' title='bbox 203 1933 286 1978; x_wconf 89' lang='lat' dir='ltr'><strong>mum</strong></span> <span class='ocrx_word' id='word_1_220' title='bbox 318 1919 351 1978; x_wconf 89' lang='lat' dir='ltr'><strong>V.</strong></span> <span class='ocrx_word' id='word_1_221' title='bbox 384 1917 581 1998; x_wconf 81' lang='lat' dir='ltr'><strong>Persequitur</strong></span> <span class='ocrx_word' id='word_1_222' title='bbox 610 1917 706 1977; x_wconf 77' lang='grc'>044000</span> <span class='ocrx_word' id='word_1_223' title='bbox 731 1917 783 1978; x_wconf 84' lang='lat' dir='ltr'><strong>hoc</strong></span> <span class='ocrx_word' id='word_1_224' title='bbox 800 1923 928 1998; x_wconf 87' lang='lat' dir='ltr'><strong>tempore</strong></span> <span class='ocrx_word' id='word_1_225' title='bbox 981 1918 1127 1980; x_wconf 86' lang='lat' dir='ltr'><strong>serendas</strong></span> <span class='ocrx_word' id='word_1_226' title='bbox 1138 1917 1332 1996; x_wconf 83' lang='lat' dir='ltr'><strong>pertulitl‘ar</strong></span> <span class='ocrx_word' id='word_1_227' title='bbox 1341 1931 1471 1976; x_wconf 88' lang='lat' dir='ltr'><strong>errorem</strong></span> <span class='ocrx_word' id='word_1_228' title='bbox 1484 1916 1530 1976; x_wconf 90' lang='lat' dir='ltr'><strong>hio</strong></span> <span class='ocrx_word' id='word_1_229' title='bbox 1540 1917 1686 1995; x_wconf 85' lang='lat' dir='ltr'><strong>Gregorius</strong></span> 
     </span>
     <span class='ocr_line' id='line_1_20' title="bbox 203 2006 1688 2091; baseline 0.001 -22"><span class='ocrx_word' id='word_1_230' title='bbox 203 2009 414 2071; x_wconf 80' lang='lat' dir='ltr'><strong>schismaticus</strong></span> <span class='ocrx_word' id='word_1_231' title='bbox 426 2011 543 2091; x_wconf 81' lang='lat' dir='ltr'><strong>Corpus</strong></span> <span class='ocrx_word' id='word_1_232' title='bbox 550 2010 683 2086; x_wconf 84' lang='lat' dir='ltr'><strong>Cllrirti,</strong></span> <span class='ocrx_word' id='word_1_233' title='bbox 696 2011 851 2090; x_wconf 76' lang='lat' dir='ltr'><strong>impugnat</strong></span> <span class='ocrx_word' id='word_1_234' title='bbox 857 2008 929 2080; x_wconf 81' lang='grc'>400-</span> <span class='ocrx_word' id='word_1_235' title='bbox 981 2029 999 2072; x_wconf 87' lang='lat' dir='ltr'><strong>a</strong></span> <span class='ocrx_word' id='word_1_236' title='bbox 1021 2012 1163 2087; x_wconf 84' lang='lat' dir='ltr'><strong>Graecis,</strong></span> <span class='ocrx_word' id='word_1_237' title='bbox 1180 2015 1215 2072; x_wconf 93' lang='lat' dir='ltr'><strong>ut</strong></span> <span class='ocrx_word' id='word_1_238' title='bbox 1230 2025 1248 2070; x_wconf 92' lang='lat' dir='ltr'><strong>a</strong></span> <span class='ocrx_word' id='word_1_239' title='bbox 1262 2006 1417 2084; x_wconf 76' lang='lat' dir='ltr'><strong>cedreno,</strong></span> <span class='ocrx_word' id='word_1_240' title='bbox 1429 2015 1460 2068; x_wconf 87' lang='lat' dir='ltr'><strong>et</strong></span> <span class='ocrx_word' id='word_1_241' title='bbox 1472 2009 1688 2088; x_wconf 81' lang='lat' dir='ltr'><strong>ininsoripu‘one</strong></span> 
     </span>
     <span class='ocr_line' id='line_1_21' title="bbox 200 2101 1765 2187; baseline 0.001 -29"><span class='ocrx_word' id='word_1_242' title='bbox 200 2101 316 2162; x_wconf 68' lang='lat' dir='ltr'><strong>rmore</strong></span> <span class='ocrx_word' id='word_1_243' title='bbox 334 2102 684 2178; x_wconf 61' lang='lat' dir='ltr'><strong>accasamentis</strong></span> <span class='ocrx_word' id='word_1_244' title='bbox 713 2102 838 2184; x_wconf 76' lang='lat' dir='ltr'><strong>infidelis</strong></span> <span class='ocrx_word' id='word_1_245' title='bbox 857 2119 947 2187; x_wconf 68' lang='lat' dir='ltr'><strong>par·¹</strong></span> <span class='ocrx_word' id='word_1_246' title='bbox 981 2105 1183 2184; x_wconf 84' lang='lat' dir='ltr'><strong>Epistularum</strong></span> <span class='ocrx_word' id='word_1_247' title='bbox 1201 2101 1330 2164; x_wconf 90' lang='lat' dir='ltr'><strong>duarum</strong></span> <span class='ocrx_word' id='word_1_248' title='bbox 1346 2101 1383 2161; x_wconf 92' lang='lat' dir='ltr'><strong>ad</strong></span> <span class='ocrx_word' id='word_1_249' title='bbox 1412 2102 1537 2162; x_wconf 89' lang='lat' dir='ltr'><strong>Leonem</strong></span> <span class='ocrx_word' id='word_1_250' title='bbox 1562 2102 1687 2162; x_wconf 83' lang='lat' dir='ltr'><strong>Isauram</strong></span> <span class='ocrx_word' id='word_1_251' title='bbox 1764 2129 1765 2134; x_wconf 44' lang='lat'><strong>.</strong></span> 
     </span>
     <span class='ocr_line' id='line_1_22' title="bbox 204 2191 1684 2276; baseline 0.003 -26"><span class='ocrx_word' id='word_1_252' title='bbox 204 2191 316 2252; x_wconf 86' lang='lat' dir='ltr'><strong>turbat.</strong></span> <span class='ocrx_word' id='word_1_253' title='bbox 981 2215 1035 2276; x_wconf 89' lang='lat' dir='ltr'><strong>pro</strong></span> <span class='ocrx_word' id='word_1_254' title='bbox 1049 2197 1135 2260; x_wconf 90' lang='lat' dir='ltr'><strong>onltu</strong></span> <span class='ocrx_word' id='word_1_255' title='bbox 1150 2193 1427 2274; x_wconf 84' lang='lat' dir='ltr'><strong>imaginumdates‚</strong></span> <span class='ocrx_word' id='word_1_256' title='bbox 1444 2192 1522 2270; x_wconf 87' lang='lat' dir='ltr'><strong>apud</strong></span> <span class='ocrx_word' id='word_1_257' title='bbox 1539 2195 1684 2254; x_wconf 79' lang='lat' dir='ltr'><strong>baronium</strong></span> 
     </span>
     <span class='ocr_line' id='line_1_23' title="bbox 247 2285 1691 2368; baseline 0.002 -23"><span class='ocrx_word' id='word_1_258' title='bbox 247 2287 294 2359; x_wconf 88' lang='grc'><strong>44)</strong></span> <span class='ocrx_word' id='word_1_259' title='bbox 311 2285 479 2347; x_wconf 83' lang='lat' dir='ltr'><strong>Concordia</strong></span> <span class='ocrx_word' id='word_1_260' title='bbox 492 2287 682 2368; x_wconf 80' lang='lat' dir='ltr'><strong>quorundam</strong></span> <span class='ocrx_word' id='word_1_261' title='bbox 694 2288 927 2350; x_wconf 73' lang='lat' dir='ltr'><strong>oeconomorum</strong></span> <span class='ocrx_word' id='word_1_262' title='bbox 980 2290 1018 2351; x_wconf 90' lang='grc'><strong>04</strong></span> <span class='ocrx_word' id='word_1_263' title='bbox 1030 2289 1155 2352; x_wconf 85' lang='lat' dir='ltr'><strong>Annum</strong></span> <span class='ocrx_word' id='word_1_264' title='bbox 1175 2288 1244 2350; x_wconf 79' lang='lat'><strong>726.</strong></span> <span class='ocrx_word' id='word_1_265' title='bbox 1264 2305 1294 2348; x_wconf 93' lang='lat' dir='ltr'><strong>n.</strong></span> <span class='ocrx_word' id='word_1_266' title='bbox 1313 2287 1360 2349; x_wconf 75' lang='grc'><strong>27.</strong></span> <span class='ocrx_word' id='word_1_267' title='bbox 1376 2301 1437 2363; x_wconf 88' lang='grc'>000.</span> <span class='ocrx_word' id='word_1_268' title='bbox 1455 2285 1613 2364; x_wconf 75' lang='lat' dir='ltr'><strong>Gregorius</strong></span> <span class='ocrx_word' id='word_1_269' title='bbox 1621 2285 1691 2348; x_wconf 82' lang='grc'>44444-</span> 
     </span>
     <span class='ocr_line' id='line_1_24' title="bbox 200 2375 1689 2461; baseline -0.001 -23"><span class='ocrx_word' id='word_1_270' title='bbox 200 2375 557 2459; x_wconf 55' lang='lat' dir='ltr'><strong>-sorapruroemtoanne</strong></span> <span class='ocrx_word' id='word_1_271' title='bbox 570 2381 688 2443; x_wconf 90' lang='lat' dir='ltr'><strong>Gillotio</strong></span> <span class='ocrx_word' id='word_1_272' title='bbox 704 2383 836 2461; x_wconf 79' lang='grc'>04404004</span> <span class='ocrx_word' id='word_1_273' title='bbox 847 2382 927 2443; x_wconf 88' lang='grc'>04440</span> <span class='ocrx_word' id='word_1_274' title='bbox 982 2383 1107 2444; x_wconf 88' lang='lat' dir='ltr'><strong>LOGUS</strong></span> <span class='ocrx_word' id='word_1_275' title='bbox 1133 2381 1319 2460; x_wconf 87' lang='lat' dir='ltr'><strong>appellatur,</strong></span> <span class='ocrx_word' id='word_1_276' title='bbox 1334 2377 1411 2457; x_wconf 89' lang='lat' dir='ltr'><strong>quod</strong></span> <span class='ocrx_word' id='word_1_277' title='bbox 1441 2378 1578 2456; x_wconf 83' lang='lat' dir='ltr'><strong>Gregorio</strong></span> <span class='ocrx_word' id='word_1_278' title='bbox 1605 2380 1689 2456; x_wconf 76' lang='lat' dir='ltr'><strong>priam</strong></span> 
     </span>
     <span class='ocr_line' id='line_1_25' title="bbox 203 2471 1689 2552; baseline -0.002 -19"><span class='ocrx_word' id='word_1_279' title='bbox 203 2471 259 2532; x_wconf 77' lang='lat' dir='ltr'><strong>An.</strong></span> <span class='ocrx_word' id='word_1_280' title='bbox 275 2473 362 2534; x_wconf 85' lang='grc'>4974.</span> <span class='ocrx_word' id='word_1_281' title='bbox 929 2485 931 2490; x_wconf 90' lang='grc'><strong><em>·</em></strong></span> <span class='ocrx_word' id='word_1_282' title='bbox 982 2476 1148 2552; x_wconf 88' lang='lat' dir='ltr'><strong>competit,</strong></span> <span class='ocrx_word' id='word_1_283' title='bbox 1176 2475 1265 2550; x_wconf 87' lang='lat' dir='ltr'><strong>eique</strong></span> <span class='ocrx_word' id='word_1_284' title='bbox 1291 2472 1437 2534; x_wconf 76' lang='lat' dir='ltr'><strong>tributum</strong></span> <span class='ocrx_word' id='word_1_285' title='bbox 1454 2476 1501 2531; x_wconf 88' lang='lat' dir='ltr'><strong>est</strong></span> <span class='ocrx_word' id='word_1_286' title='bbox 1519 2487 1689 2548; x_wconf 80' lang='lat' dir='ltr'><strong>cognomen,</strong></span> 
     </span>
     <span class='ocr_line' id='line_1_26' title="bbox 486 2561 1691 2738; baseline -0.007 -18"><span class='ocrx_word' id='word_1_287' title='bbox 486 2607 588 2670; x_wconf 66' lang='lat' dir='ltr'><strong>T0l⁰</strong></span> <span class='ocrx_word' id='word_1_288' title='bbox 605 2609 654 2670; x_wconf 65' lang='grc' dir='ltr'><strong>Ν·</strong></span> <span class='ocrx_word' id='word_1_289' title='bbox 984 2567 1333 2738; x_wconf 61' lang='lat' dir='ltr'><strong>thiatmalli</strong></span> <span class='ocrx_word' id='word_1_290' title='bbox 1356 2561 1601 2735; x_wconf 61' lang='lat' dir='ltr'><strong>illailla?</strong></span> <span class='ocrx_word' id='word_1_291' title='bbox 1614 2562 1691 2716; x_wconf 70' lang='lat' dir='ltr'><strong>{tl</strong></span> 
     </span>
     <span class='ocr_line' id='line_1_27' title="bbox 243 2748 1691 2830; baseline -0.003 -20"><span class='ocrx_word' id='word_1_292' title='bbox 243 2750 379 2827; x_wconf 84' lang='lat' dir='ltr'><strong>Denique</strong></span> <span class='ocrx_word' id='word_1_293' title='bbox 395 2748 580 2810; x_wconf 75' lang='lat' dir='ltr'><strong>benedictini</strong></span> <span class='ocrx_word' id='word_1_294' title='bbox 593 2757 661 2829; x_wconf 85' lang='lat' dir='ltr'><strong>post</strong></span> <span class='ocrx_word' id='word_1_295' title='bbox 678 2753 778 2812; x_wconf 88' lang='lat' dir='ltr'><strong>Vitam</strong></span> <span class='ocrx_word' id='word_1_296' title='bbox 795 2753 927 2830; x_wconf 85' lang='lat' dir='ltr'><strong>Gregorii</strong></span> <span class='ocrx_word' id='word_1_297' title='bbox 984 2754 1071 2812; x_wconf 87' lang='grc'>4000.</span> <span class='ocrx_word' id='word_1_298' title='bbox 1088 2753 1207 2814; x_wconf 80' lang='lat' dir='ltr'><strong>Climax</strong></span> <span class='ocrx_word' id='word_1_299' title='bbox 1223 2749 1376 2820; x_wconf 81' lang='lat' dir='ltr'><strong>aGraecis</strong></span> <span class='ocrx_word' id='word_1_300' title='bbox 1389 2749 1691 2826; x_wconf 83' lang='lat' dir='ltr'><strong>consueritcognomi-</strong></span> 
     </span>
     <span class='ocr_line' id='line_1_28' title="bbox 201 2841 1691 2925; baseline -0.001 -23"><span class='ocrx_word' id='word_1_301' title='bbox 201 2843 555 2904; x_wconf 58' lang='lat' dir='ltr'><strong>aestimatoribus</strong></span> <span class='ocrx_word' id='word_1_302' title='bbox 567 2845 706 2904; x_wconf 85' lang='lat' dir='ltr'><strong>Diacoais</strong></span> <span class='ocrx_word' id='word_1_303' title='bbox 720 2847 926 2924; x_wconf 81' lang='lat' dir='ltr'><strong>compositam,</strong></span> <span class='ocrx_word' id='word_1_304' title='bbox 987 2848 1052 2908; x_wconf 86' lang='lat' dir='ltr'><strong>nari</strong></span> <span class='ocrx_word' id='word_1_305' title='bbox 1071 2852 1192 2925; x_wconf 86' lang='lat' dir='ltr'><strong>propter</strong></span> <span class='ocrx_word' id='word_1_306' title='bbox 1216 2844 1345 2920; x_wconf 88' lang='lat' dir='ltr'><strong>librum,</strong></span> <span class='ocrx_word' id='word_1_307' title='bbox 1361 2845 1410 2924; x_wconf 85' lang='grc'><strong>004</strong></span> <span class='ocrx_word' id='word_1_308' title='bbox 1432 2843 1536 2906; x_wconf 88' lang='grc'>4440400</span> <span class='ocrx_word' id='word_1_309' title='bbox 1552 2841 1597 2904; x_wconf 84' lang='lat' dir='ltr'><strong>hio</strong></span> <span class='ocrx_word' id='word_1_310' title='bbox 1612 2841 1646 2902; x_wconf 90' lang='lat' dir='ltr'><strong>ab</strong></span> <span class='ocrx_word' id='word_1_311' title='bbox 1660 2856 1691 2900; x_wconf 91' lang='lat' dir='ltr'><strong>en</strong></span> 
     </span>
     <span class='ocr_line' id='line_1_29' title="bbox 197 2933 1689 3018; baseline -0.001 -25"><span class='ocrx_word' id='word_1_312' title='bbox 197 2941 402 3014; x_wconf 77' lang='lat' dir='ltr'><strong>setarumque</strong></span> <span class='ocrx_word' id='word_1_313' title='bbox 417 2938 589 2997; x_wconf 89' lang='lat' dir='ltr'><strong>testimonia</strong></span> <span class='ocrx_word' id='word_1_314' title='bbox 604 2944 635 2996; x_wconf 90' lang='lat' dir='ltr'><strong>et</strong></span> <span class='ocrx_word' id='word_1_315' title='bbox 652 2937 765 3018; x_wconf 87' lang='lat' dir='ltr'><strong>elogia,</strong></span> <span class='ocrx_word' id='word_1_316' title='bbox 782 2937 927 3000; x_wconf 85' lang='lat' dir='ltr'><strong>exhibent</strong></span> <span class='ocrx_word' id='word_1_317' title='bbox 982 2939 1140 3017; x_wconf 83' lang='lat' dir='ltr'><strong>impositus</strong></span> <span class='ocrx_word' id='word_1_318' title='bbox 1158 2938 1214 3000; x_wconf 89' lang='lat' dir='ltr'><strong>luit</strong></span> <span class='ocrx_word' id='word_1_319' title='bbox 1240 2938 1370 3014; x_wconf 84' lang='lat' dir='ltr'><strong>elimax,</strong></span> <span class='ocrx_word' id='word_1_320' title='bbox 1387 2936 1452 2998; x_wconf 83' lang='lat' dir='ltr'><strong>sire</strong></span> <span class='ocrx_word' id='word_1_321' title='bbox 1469 2935 1547 2998; x_wconf 86' lang='lat' dir='ltr'><strong>scala</strong></span> <span class='ocrx_word' id='word_1_322' title='bbox 1562 2933 1689 2996; x_wconf 87' lang='lat' dir='ltr'><strong>Paradisi.</strong></span> 
     </span>
     <span class='ocr_line' id='line_1_30' title="bbox 201 3027 1691 3111; baseline 0.001 -26"><span class='ocrx_word' id='word_1_323' title='bbox 201 3030 298 3088; x_wconf 87' lang='lat' dir='ltr'><strong>vitam</strong></span> <span class='ocrx_word' id='word_1_324' title='bbox 316 3045 409 3106; x_wconf 84' lang='lat' dir='ltr'><strong>quam</strong></span> <span class='ocrx_word' id='word_1_325' title='bbox 436 3031 492 3109; x_wconf 88' lang='lat' dir='ltr'><strong>ipsi</strong></span> <span class='ocrx_word' id='word_1_326' title='bbox 517 3047 555 3089; x_wconf 80' lang='lat' dir='ltr'><strong>ex</strong></span> <span class='ocrx_word' id='word_1_327' title='bbox 572 3031 765 3108; x_wconf 89' lang='lat' dir='ltr'><strong>Gregorianis</strong></span> <span class='ocrx_word' id='word_1_328' title='bbox 786 3032 925 3110; x_wconf 86' lang='lat' dir='ltr'><strong>scriptis,</strong></span> <span class='ocrx_word' id='word_1_329' title='bbox 984 3029 1139 3111; x_wconf 83' lang='lat' dir='ltr'><strong>Epistulas</strong></span> <span class='ocrx_word' id='word_1_330' title='bbox 1156 3031 1222 3091; x_wconf 90' lang='lat' dir='ltr'><strong>illas</strong></span> <span class='ocrx_word' id='word_1_331' title='bbox 1245 3028 1286 3088; x_wconf 77' lang='lat' dir='ltr'><strong>orl</strong></span> <span class='ocrx_word' id='word_1_332' title='bbox 1310 3029 1432 3089; x_wconf 85' lang='lat' dir='ltr'><strong>Leonem</strong></span> <span class='ocrx_word' id='word_1_333' title='bbox 1455 3027 1531 3090; x_wconf 82' lang='lat' dir='ltr'><strong>dunt</strong></span> <span class='ocrx_word' id='word_1_334' title='bbox 1547 3029 1691 3091; x_wconf 81' lang='lat' dir='ltr'><strong>Graecast</strong></span> 
     </span>
     <span class='ocr_line' id='line_1_31' title="bbox 199 3117 1689 3203; baseline -0.003 -23"><span class='ocrx_word' id='word_1_335' title='bbox 199 3120 385 3184; x_wconf 84' lang='lat' dir='ltr'><strong>adornarunt</strong></span> <span class='ocrx_word' id='word_1_336' title='bbox 401 3129 433 3182; x_wconf 90' lang='lat' dir='ltr'><strong>et</strong></span> <span class='ocrx_word' id='word_1_337' title='bbox 451 3125 480 3182; x_wconf 90' lang='lat' dir='ltr'><strong>in</strong></span> <span class='ocrx_word' id='word_1_338' title='bbox 498 3129 628 3201; x_wconf 88' lang='lat' dir='ltr'><strong>quatuor</strong></span> <span class='ocrx_word' id='word_1_339' title='bbox 645 3121 736 3184; x_wconf 89' lang='lat' dir='ltr'><strong>libros</strong></span> <span class='ocrx_word' id='word_1_340' title='bbox 753 3124 925 3203; x_wconf 85' lang='lat' dir='ltr'><strong>digessere:</strong></span> <span class='ocrx_word' id='word_1_341' title='bbox 983 3127 1086 3186; x_wconf 86' lang='lat' dir='ltr'><strong>Latine</strong></span> <span class='ocrx_word' id='word_1_342' title='bbox 1102 3129 1222 3202; x_wconf 89' lang='lat' dir='ltr'><strong>praeter</strong></span> <span class='ocrx_word' id='word_1_343' title='bbox 1247 3123 1408 3184; x_wconf 88' lang='lat' dir='ltr'><strong>Baronium</strong></span> <span class='ocrx_word' id='word_1_344' title='bbox 1434 3121 1573 3181; x_wconf 83' lang='lat' dir='ltr'><strong>exhibent</strong></span> <span class='ocrx_word' id='word_1_345' title='bbox 1595 3117 1689 3180; x_wconf 88' lang='grc'>4440400</span> 
     </span>
     <span class='ocr_line' id='line_1_32' title="bbox 199 3205 1717 3296; baseline 0.001 -24"><span class='ocrx_word' id='word_1_346' title='bbox 199 3229 238 3274; x_wconf 90' lang='lat' dir='ltr'><strong>ao</strong></span> <span class='ocrx_word' id='word_1_347' title='bbox 269 3220 423 3292; x_wconf 87' lang='lat' dir='ltr'><strong>postremo</strong></span> <span class='ocrx_word' id='word_1_348' title='bbox 457 3216 520 3276; x_wconf 89' lang='grc'>4400</span> <span class='ocrx_word' id='word_1_349' title='bbox 551 3217 701 3278; x_wconf 76' lang='grc'>94444444</span> <span class='ocrx_word' id='word_1_350' title='bbox 733 3216 870 3296; x_wconf 87' lang='lat' dir='ltr'><strong>discipuli</strong></span> <span class='ocrx_word' id='word_1_351' title='bbox 895 3223 927 3276; x_wconf 87' lang='lat' dir='ltr'><strong>et</strong></span> <span class='ocrx_word' id='word_1_352' title='bbox 981 3226 1014 3280; x_wconf 90' lang='lat' dir='ltr'><strong>et</strong></span> <span class='ocrx_word' id='word_1_353' title='bbox 1027 3218 1076 3280; x_wconf 88' lang='lat' dir='ltr'><strong>alii</strong></span> <span class='ocrx_word' id='word_1_354' title='bbox 1094 3217 1294 3280; x_wconf 79' lang='lat' dir='ltr'><strong>conciliorum</strong></span> <span class='ocrx_word' id='word_1_355' title='bbox 1312 3215 1443 3276; x_wconf 86' lang='lat' dir='ltr'><strong>editores</strong></span> <span class='ocrx_word' id='word_1_356' title='bbox 1462 3221 1531 3274; x_wconf 86' lang='lat' dir='ltr'><strong>ante</strong></span> <span class='ocrx_word' id='word_1_357' title='bbox 1555 3212 1625 3274; x_wconf 80' lang='grc'>4040</span> <span class='ocrx_word' id='word_1_358' title='bbox 1640 3205 1717 3289; x_wconf 57' lang='lat' dir='ltr'><strong>Sy?</strong></span> 
     </span>
     <span class='ocr_line' id='line_1_33' title="bbox 200 3308 1688 3390; baseline -0.001 -23"><span class='ocrx_word' id='word_1_359' title='bbox 200 3308 337 3368; x_wconf 69' lang='lat' dir='ltr'><strong>ALthil</strong></span> <span class='ocrx_word' id='word_1_360' title='bbox 360 3308 494 3369; x_wconf 87' lang='lat' dir='ltr'><strong>llonaohi</strong></span> <span class='ocrx_word' id='word_1_361' title='bbox 522 3325 599 3387; x_wconf 86' lang='lat' dir='ltr'><strong>opus</strong></span> <span class='ocrx_word' id='word_1_362' title='bbox 627 3309 707 3388; x_wconf 89' lang='grc'>0004</span> <span class='ocrx_word' id='word_1_363' title='bbox 730 3312 760 3371; x_wconf 92' lang='grc'><strong>40</strong></span> <span class='ocrx_word' id='word_1_364' title='bbox 785 3313 882 3372; x_wconf 83' lang='lat' dir='ltr'><strong>Vetus</strong></span> <span class='ocrx_word' id='word_1_365' title='bbox 896 3316 927 3371; x_wconf 89' lang='lat' dir='ltr'><strong>et</strong></span> <span class='ocrx_word' id='word_1_366' title='bbox 981 3312 1051 3374; x_wconf 92' lang='lat' dir='ltr'><strong>nodi</strong></span> <span class='ocrx_word' id='word_1_367' title='bbox 1074 3313 1241 3390; x_wconf 88' lang='lat' dir='ltr'><strong>septimae:</strong></span> <span class='ocrx_word' id='word_1_368' title='bbox 1260 3316 1290 3370; x_wconf 89' lang='lat' dir='ltr'><strong>et</strong></span> <span class='ocrx_word' id='word_1_369' title='bbox 1316 3309 1345 3368; x_wconf 92' lang='lat' dir='ltr'><strong>in</strong></span> <span class='ocrx_word' id='word_1_370' title='bbox 1368 3310 1484 3369; x_wconf 87' lang='lat' dir='ltr'><strong>actione</strong></span> <span class='ocrx_word' id='word_1_371' title='bbox 1505 3313 1607 3384; x_wconf 82' lang='lat' dir='ltr'><strong>quarta</strong></span> <span class='ocrx_word' id='word_1_372' title='bbox 1631 3310 1688 3382; x_wconf 75' lang='grc'>040-</span> 
     </span>
     <span class='ocr_line' id='line_1_34' title="bbox 201 3397 1691 3484; baseline -0.001 -26"><span class='ocrx_word' id='word_1_373' title='bbox 201 3399 319 3460; x_wconf 86' lang='lat' dir='ltr'><strong>Novum</strong></span> <span class='ocrx_word' id='word_1_374' title='bbox 337 3401 566 3462; x_wconf 79' lang='lat' dir='ltr'><strong>Testamentum</strong></span> <span class='ocrx_word' id='word_1_375' title='bbox 583 3419 623 3463; x_wconf 85' lang='lat' dir='ltr'><strong>ex</strong></span> <span class='ocrx_word' id='word_1_376' title='bbox 639 3404 772 3482; x_wconf 89' lang='lat' dir='ltr'><strong>Gregorii</strong></span> <span class='ocrx_word' id='word_1_377' title='bbox 789 3403 928 3466; x_wconf 82' lang='grc'>4000400-</span> <span class='ocrx_word' id='word_1_378' title='bbox 982 3405 1068 3468; x_wconf 87' lang='lat' dir='ltr'><strong>sdem</strong></span> <span class='ocrx_word' id='word_1_379' title='bbox 1079 3403 1192 3482; x_wconf 82' lang='lat' dir='ltr'><strong>Synodi</strong></span> <span class='ocrx_word' id='word_1_380' title='bbox 1203 3399 1420 3484; x_wconf 77' lang='lat' dir='ltr'><strong>Epistolomori</strong></span> <span class='ocrx_word' id='word_1_381' title='bbox 1433 3399 1610 3482; x_wconf 75' lang='lat' dir='ltr'><strong>Germanum</strong></span> <span class='ocrx_word' id='word_1_382' title='bbox 1620 3397 1691 3458; x_wconf 75' lang='lat' dir='ltr'><strong>cru</strong></span> 
     </span>
     <span class='ocr_line' id='line_1_35' title="bbox 205 3489 1688 3574; baseline 0 -25"><span class='ocrx_word' id='word_1_383' title='bbox 205 3492 339 3554; x_wconf 87' lang='lat' dir='ltr'><strong>tionibus</strong></span> <span class='ocrx_word' id='word_1_384' title='bbox 354 3507 566 3573; x_wconf 85' lang='lat' dir='ltr'><strong>composuere,</strong></span> <span class='ocrx_word' id='word_1_385' title='bbox 582 3495 622 3556; x_wconf 87' lang='lat' dir='ltr'><strong>de</strong></span> <span class='ocrx_word' id='word_1_386' title='bbox 637 3496 748 3574; x_wconf 87' lang='lat' dir='ltr'><strong>quibus</strong></span> <span class='ocrx_word' id='word_1_387' title='bbox 764 3513 820 3559; x_wconf 91' lang='lat' dir='ltr'><strong>suo</strong></span> <span class='ocrx_word' id='word_1_388' title='bbox 834 3498 907 3558; x_wconf 88' lang='grc'>4000.</span> <span class='ocrx_word' id='word_1_389' title='bbox 983 3498 1118 3560; x_wconf 90' lang='lat' dir='ltr'><strong>litanum.</strong></span> <span class='ocrx_word' id='word_1_390' title='bbox 1144 3499 1298 3558; x_wconf 83' lang='lat' dir='ltr'><strong>Praeterea</strong></span> <span class='ocrx_word' id='word_1_391' title='bbox 1321 3494 1359 3555; x_wconf 89' lang='lat' dir='ltr'><strong>ab</strong></span> <span class='ocrx_word' id='word_1_392' title='bbox 1387 3493 1492 3554; x_wconf 88' lang='lat' dir='ltr'><strong>iisdem</strong></span> <span class='ocrx_word' id='word_1_393' title='bbox 1513 3489 1688 3569; x_wconf 74' lang='lat' dir='ltr'><strong>synodorum</strong></span> 
     </span>
     <span class='ocr_line' id='line_1_36' title="bbox 241 3581 1690 3666; baseline -0.003 -22"><span class='ocrx_word' id='word_1_394' title='bbox 241 3584 330 3662; x_wconf 82' lang='lat' dir='ltr'><strong>Apud</strong></span> <span class='ocrx_word' id='word_1_395' title='bbox 357 3587 519 3646; x_wconf 80' lang='lat' dir='ltr'><strong>honorium</strong></span> <span class='ocrx_word' id='word_1_396' title='bbox 542 3589 592 3650; x_wconf 92' lang='grc'>444.</span> <span class='ocrx_word' id='word_1_397' title='bbox 611 3591 658 3652; x_wconf 74' lang='grc'>448.</span> <span class='ocrx_word' id='word_1_398' title='bbox 676 3595 708 3650; x_wconf 87' lang='grc'><strong>04</strong></span> <span class='ocrx_word' id='word_1_399' title='bbox 726 3589 926 3651; x_wconf 87' lang='lat' dir='ltr'><strong>Trithemium</strong></span> <span class='ocrx_word' id='word_1_400' title='bbox 980 3590 1192 3652; x_wconf 79' lang='grc' dir='ltr'>00440040οἰ000</span> <span class='ocrx_word' id='word_1_401' title='bbox 1207 3589 1274 3666; x_wconf 83' lang='lat' dir='ltr'><strong>(nisi</strong></span> <span class='ocrx_word' id='word_1_402' title='bbox 1291 3585 1370 3665; x_wconf 86' lang='lat' dir='ltr'><strong>quod</strong></span> <span class='ocrx_word' id='word_1_403' title='bbox 1381 3587 1462 3646; x_wconf 89' lang='grc'>00400</span> <span class='ocrx_word' id='word_1_404' title='bbox 1475 3584 1551 3646; x_wconf 89' lang='lat' dir='ltr'><strong>duae</strong></span> <span class='ocrx_word' id='word_1_405' title='bbox 1563 3581 1598 3644; x_wconf 92' lang='lat' dir='ltr'><strong>ad</strong></span> <span class='ocrx_word' id='word_1_406' title='bbox 1612 3581 1690 3642; x_wconf 85' lang='lat' dir='ltr'><strong>Soni-</strong></span> 
     </span>
     <span class='ocr_line' id='line_1_37' title="bbox 137 3675 1689 3766; baseline -0.001 -31"><span class='ocrx_word' id='word_1_407' title='bbox 137 3709 141 3716; x_wconf 90' lang='lat'>·</span> <span class='ocrx_word' id='word_1_408' title='bbox 200 3691 267 3755; x_wconf 89' lang='lat' dir='ltr'><strong>cap.</strong></span> <span class='ocrx_word' id='word_1_409' title='bbox 284 3677 353 3739; x_wconf 77' lang='grc'>2444.</span> <span class='ocrx_word' id='word_1_410' title='bbox 372 3687 556 3756; x_wconf 81' lang='lat' dir='ltr'><strong>memoratur</strong></span> <span class='ocrx_word' id='word_1_411' title='bbox 569 3683 649 3744; x_wconf 88' lang='lat' dir='ltr'><strong>inter</strong></span> <span class='ocrx_word' id='word_1_412' title='bbox 664 3683 777 3759; x_wconf 87' lang='lat' dir='ltr'><strong>scripta</strong></span> <span class='ocrx_word' id='word_1_413' title='bbox 794 3679 927 3759; x_wconf 88' lang='lat' dir='ltr'><strong>Gregorii</strong></span> <span class='ocrx_word' id='word_1_414' title='bbox 986 3685 1096 3746; x_wconf 85' lang='lat' dir='ltr'><strong>isaiam</strong></span> <span class='ocrx_word' id='word_1_415' title='bbox 1118 3688 1241 3744; x_wconf 85' lang='lat' dir='ltr'><strong>exstant</strong></span> <span class='ocrx_word' id='word_1_416' title='bbox 1257 3679 1338 3760; x_wconf 88' lang='lat' dir='ltr'><strong>apud</strong></span> <span class='ocrx_word' id='word_1_417' title='bbox 1362 3677 1554 3766; x_wconf 67' lang='lat' dir='ltr'><strong>harduinum)</strong></span> <span class='ocrx_word' id='word_1_418' title='bbox 1577 3675 1689 3742; x_wconf 86' lang='lat' dir='ltr'><strong>Latina,</strong></span> 
     </span>
     <span class='ocr_line' id='line_1_38' title="bbox 202 3767 1690 3856; baseline -0.001 -29"><span class='ocrx_word' id='word_1_419' title='bbox 202 3767 387 3850; x_wconf 75' lang='lat' dir='ltr'><strong>Euplooolio</strong></span> <span class='ocrx_word' id='word_1_420' title='bbox 402 3771 452 3832; x_wconf 84' lang='lat' dir='ltr'><strong>IV.</strong></span> <span class='ocrx_word' id='word_1_421' title='bbox 468 3772 718 3851; x_wconf 82' lang='lat' dir='ltr'><strong>Euurrpcliorum,</strong></span> <span class='ocrx_word' id='word_1_422' title='bbox 731 3773 787 3837; x_wconf 89' lang='grc'><strong>004</strong></span> <span class='ocrx_word' id='word_1_423' title='bbox 801 3775 926 3836; x_wconf 85' lang='grc'>4400044-</span> <span class='ocrx_word' id='word_1_424' title='bbox 981 3792 1041 3856; x_wconf 89' lang='grc'><strong>000</strong></span> <span class='ocrx_word' id='word_1_425' title='bbox 1070 3777 1170 3856; x_wconf 85' lang='lat' dir='ltr'><strong>lingna</strong></span> <span class='ocrx_word' id='word_1_426' title='bbox 1187 3774 1350 3854; x_wconf 85' lang='lat' dir='ltr'><strong>Gregorius</strong></span> <span class='ocrx_word' id='word_1_427' title='bbox 1371 3773 1509 3850; x_wconf 85' lang='lat' dir='ltr'><strong>scripsit,</strong></span> <span class='ocrx_word' id='word_1_428' title='bbox 1536 3770 1690 3832; x_wconf 85' lang='lat' dir='ltr'><strong>olleruntur</strong></span> 
     </span>
     <span class='ocr_line' id='line_1_39' title="bbox 197 3861 1689 3950; baseline -0.004 -26"><span class='ocrx_word' id='word_1_429' title='bbox 197 3865 272 3924; x_wconf 88' lang='lat' dir='ltr'><strong>otini</strong></span> <span class='ocrx_word' id='word_1_430' title='bbox 296 3866 397 3924; x_wconf 85' lang='lat' dir='ltr'><strong>testati</strong></span> <span class='ocrx_word' id='word_1_431' title='bbox 416 3866 531 3927; x_wconf 84' lang='lat' dir='ltr'><strong>llstarn</strong></span> <span class='ocrx_word' id='word_1_432' title='bbox 548 3867 654 3928; x_wconf 89' lang='lat' dir='ltr'><strong>eodem</strong></span> <span class='ocrx_word' id='word_1_433' title='bbox 672 3867 761 3929; x_wconf 90' lang='lat' dir='ltr'><strong>titulo</strong></span> <span class='ocrx_word' id='word_1_434' title='bbox 781 3869 925 3946; x_wconf 85' lang='lat' dir='ltr'><strong>initioque</strong></span> <span class='ocrx_word' id='word_1_435' title='bbox 979 3868 1131 3950; x_wconf 75' lang='lat' dir='ltr'><strong>Epistulae</strong></span> <span class='ocrx_word' id='word_1_436' title='bbox 1145 3866 1300 3935; x_wconf 80' lang='lat' dir='ltr'><strong>duodecim</strong></span> <span class='ocrx_word' id='word_1_437' title='bbox 1315 3867 1407 3944; x_wconf 84' lang='lat' dir='ltr'><strong>hujus</strong></span> <span class='ocrx_word' id='word_1_438' title='bbox 1426 3861 1689 3943; x_wconf 81' lang='lat' dir='ltr'><strong>Gregorii,illisqua</strong></span> 
     </span>
     <span class='ocr_line' id='line_1_40' title="bbox 200 3954 1690 4039; baseline -0.005 -22"><span class='ocrx_word' id='word_1_439' title='bbox 200 3972 233 4017; x_wconf 89' lang='lat' dir='ltr'><strong>se</strong></span> <span class='ocrx_word' id='word_1_440' title='bbox 250 3959 399 4037; x_wconf 84' lang='lat' dir='ltr'><strong>repetisse</strong></span> <span class='ocrx_word' id='word_1_441' title='bbox 416 3959 446 4018; x_wconf 92' lang='lat' dir='ltr'><strong>in</strong></span> <span class='ocrx_word' id='word_1_442' title='bbox 461 3959 599 4020; x_wconf 77' lang='lat' dir='ltr'><strong>biblioth.</strong></span> <span class='ocrx_word' id='word_1_443' title='bbox 614 3959 705 4038; x_wconf 80' lang='lat' dir='ltr'><strong>Regia</strong></span> <span class='ocrx_word' id='word_1_444' title='bbox 721 3962 812 4022; x_wconf 84' lang='lat' dir='ltr'><strong>Paris</strong></span> <span class='ocrx_word' id='word_1_445' title='bbox 829 3967 861 4020; x_wconf 89' lang='lat' dir='ltr'><strong>et</strong></span> <span class='ocrx_word' id='word_1_446' title='bbox 871 3962 925 4020; x_wconf 88' lang='lat' dir='ltr'><strong>llo·</strong></span> <span class='ocrx_word' id='word_1_447' title='bbox 981 3962 1143 4036; x_wconf 86' lang='lat' dir='ltr'><strong>subjicitur</strong></span> <span class='ocrx_word' id='word_1_448' title='bbox 1161 3957 1337 4039; x_wconf 76' lang='lat' dir='ltr'><strong>Caprariam</strong></span> <span class='ocrx_word' id='word_1_449' title='bbox 1350 3957 1502 4020; x_wconf 86' lang='lat' dir='ltr'><strong>abeodem</strong></span> <span class='ocrx_word' id='word_1_450' title='bbox 1513 3954 1690 4016; x_wconf 78' lang='grc'>4040404400-</span> 
     </span>
     <span class='ocr_line' id='line_1_41' title="bbox 198 4048 1690 4134; baseline -0.004 -22"><span class='ocrx_word' id='word_1_451' title='bbox 198 4050 330 4131; x_wconf 85' lang='lat' dir='ltr'><strong>thomagi</strong></span> <span class='ocrx_word' id='word_1_452' title='bbox 347 4051 426 4130; x_wconf 89' lang='lat' dir='ltr'><strong>apud</strong></span> <span class='ocrx_word' id='word_1_453' title='bbox 441 4052 615 4115; x_wconf 80' lang='lat' dir='ltr'><strong>Emeritam</strong></span> <span class='ocrx_word' id='word_1_454' title='bbox 629 4054 777 4130; x_wconf 85' lang='lat' dir='ltr'><strong>Bigotium</strong></span> <span class='ocrx_word' id='word_1_455' title='bbox 792 4055 823 4114; x_wconf 93' lang='lat' dir='ltr'><strong>ln</strong></span> <span class='ocrx_word' id='word_1_456' title='bbox 838 4052 925 4116; x_wconf 85' lang='lat' dir='ltr'><strong>Gadi·</strong></span> <span class='ocrx_word' id='word_1_457' title='bbox 979 4059 1093 4120; x_wconf 87' lang='lat' dir='ltr'><strong>tiniaoo</strong></span> <span class='ocrx_word' id='word_1_458' title='bbox 1106 4057 1269 4134; x_wconf 78' lang='lat' dir='ltr'><strong>Episcopo,</strong></span> <span class='ocrx_word' id='word_1_459' title='bbox 1283 4051 1407 4130; x_wconf 86' lang='lat' dir='ltr'><strong>Georgio</strong></span> <span class='ocrx_word' id='word_1_460' title='bbox 1418 4049 1593 4126; x_wconf 74' lang='lat' dir='ltr'><strong>Presbytero</strong></span> <span class='ocrx_word' id='word_1_461' title='bbox 1602 4048 1690 4108; x_wconf 84' lang='lat' dir='ltr'><strong>erbo-</strong></span> 
     </span>
     <span class='ocr_line' id='line_1_42' title="bbox 197 4140 1687 4226; baseline -0.002 -21"><span class='ocrx_word' id='word_1_462' title='bbox 197 4144 284 4206; x_wconf 78' lang='lat' dir='ltr'><strong>cibus</strong></span> <span class='ocrx_word' id='word_1_463' title='bbox 302 4152 524 4226; x_wconf 87' lang='lat' dir='ltr'><strong>nongentorum</strong></span> <span class='ocrx_word' id='word_1_464' title='bbox 548 4147 610 4208; x_wconf 86' lang='lat' dir='ltr'><strong>iere</strong></span> <span class='ocrx_word' id='word_1_465' title='bbox 629 4161 797 4210; x_wconf 88' lang='lat' dir='ltr'><strong>annorum:</strong></span> <span class='ocrx_word' id='word_1_466' title='bbox 813 4145 925 4224; x_wconf 89' lang='lat' dir='ltr'><strong>Grego·</strong></span> <span class='ocrx_word' id='word_1_467' title='bbox 979 4151 1082 4212; x_wconf 87' lang='lat' dir='ltr'><strong>rothen</strong></span> <span class='ocrx_word' id='word_1_468' title='bbox 1099 4147 1305 4210; x_wconf 82' lang='lat' dir='ltr'><strong>Sub-Diacono</strong></span> <span class='ocrx_word' id='word_1_469' title='bbox 1318 4144 1464 4222; x_wconf 89' lang='lat' dir='ltr'><strong>ablegatis</strong></span> <span class='ocrx_word' id='word_1_470' title='bbox 1482 4144 1509 4202; x_wconf 92' lang='lat' dir='ltr'><strong>in</strong></span> <span class='ocrx_word' id='word_1_471' title='bbox 1524 4140 1687 4218; x_wconf 76' lang='lat' dir='ltr'><strong>bajoariam,</strong></span> 
     </span>
     <span class='ocr_line' id='line_1_43' title="bbox 197 4231 1688 4319; baseline -0.004 -23"><span class='ocrx_word' id='word_1_472' title='bbox 197 4239 241 4296; x_wconf 86' lang='lat' dir='ltr'><strong>rio</strong></span> <span class='ocrx_word' id='word_1_473' title='bbox 255 4244 356 4300; x_wconf 80' lang='grc'>404000</span> <span class='ocrx_word' id='word_1_474' title='bbox 376 4240 529 4319; x_wconf 87' lang='lat' dir='ltr'><strong>indignam</strong></span> <span class='ocrx_word' id='word_1_475' title='bbox 543 4238 726 4317; x_wconf 79' lang='lat' dir='ltr'><strong>judicarunt.</strong></span> <span class='ocrx_word' id='word_1_476' title='bbox 978 4243 1014 4306; x_wconf 81' lang='lat' dir='ltr'><strong>ed</strong></span> <span class='ocrx_word' id='word_1_477' title='bbox 1037 4241 1205 4304; x_wconf 86' lang='lat' dir='ltr'><strong>visitandas</strong></span> <span class='ocrx_word' id='word_1_478' title='bbox 1228 4239 1391 4301; x_wconf 79' lang='lat' dir='ltr'><strong>Ecclesiae.</strong></span> <span class='ocrx_word' id='word_1_479' title='bbox 1417 4238 1480 4298; x_wconf 88' lang='lat' dir='ltr'><strong>Non</strong></span> <span class='ocrx_word' id='word_1_480' title='bbox 1508 4235 1615 4296; x_wconf 86' lang='lat' dir='ltr'><strong>desunt</strong></span> <span class='ocrx_word' id='word_1_481' title='bbox 1640 4231 1688 4308; x_wconf 90' lang='grc'><strong>004</strong></span> 
     </span>
     <span class='ocr_line' id='line_1_44' title="bbox 237 4325 1689 4417; baseline -0.014 -13"><span class='ocrx_word' id='word_1_482' title='bbox 237 4327 454 4396; x_wconf 79' lang='lat' dir='ltr'><strong>GRBGOlthS</strong></span> <span class='ocrx_word' id='word_1_483' title='bbox 474 4335 511 4395; x_wconf 82' lang='lat' dir='ltr'><strong>ll·</strong></span> <span class='ocrx_word' id='word_1_484' title='bbox 531 4333 661 4396; x_wconf 71' lang='grc' dir='ltr'>4444044Ιί</span> <span class='ocrx_word' id='word_1_485' title='bbox 689 4335 720 4393; x_wconf 85' lang='lat' dir='ltr'><strong>F·</strong></span> <span class='ocrx_word' id='word_1_486' title='bbox 750 4351 787 4394; x_wconf 77' lang='lat' dir='ltr'><strong>ex</strong></span> <span class='ocrx_word' id='word_1_487' title='bbox 816 4332 923 4394; x_wconf 61' lang='lat' dir='ltr'><strong>Biblior</strong></span> <span class='ocrx_word' id='word_1_488' title='bbox 976 4339 1092 4417; x_wconf 87' lang='lat' dir='ltr'><strong>aliquas</strong></span> <span class='ocrx_word' id='word_1_489' title='bbox 1108 4353 1147 4398; x_wconf 84' lang='lat' dir='ltr'><strong>ex</strong></span> <span class='ocrx_word' id='word_1_490' title='bbox 1164 4335 1211 4394; x_wconf 89' lang='lat' dir='ltr'><strong>his</strong></span> <span class='ocrx_word' id='word_1_491' title='bbox 1228 4330 1374 4411; x_wconf 87' lang='lat' dir='ltr'><strong>Epistolis</strong></span> <span class='ocrx_word' id='word_1_492' title='bbox 1391 4331 1522 4390; x_wconf 83' lang='lat' dir='ltr'><strong>celerant</strong></span> <span class='ocrx_word' id='word_1_493' title='bbox 1534 4328 1570 4388; x_wconf 89' lang='grc'><strong>04</strong></span> <span class='ocrx_word' id='word_1_494' title='bbox 1586 4325 1689 4404; x_wconf 89' lang='lat' dir='ltr'><strong>Grego-</strong></span> 
     </span>
     <span class='ocr_line' id='line_1_45' title="bbox 198 4413 1691 4508; baseline 0.001 -29"><span class='ocrx_word' id='word_1_495' title='bbox 198 4421 303 4484; x_wconf 85' lang='lat' dir='ltr'><strong>thecae</strong></span> <span class='ocrx_word' id='word_1_496' title='bbox 317 4429 488 4490; x_wconf 85' lang='lat' dir='ltr'><strong>Pontiiioiae</strong></span> <span class='ocrx_word' id='word_1_497' title='bbox 500 4430 650 4508; x_wconf 87' lang='lat' dir='ltr'><strong>praelecto</strong></span> <span class='ocrx_word' id='word_1_498' title='bbox 661 4434 692 4488; x_wconf 91' lang='lat' dir='ltr'><strong>et</strong></span> <span class='ocrx_word' id='word_1_499' title='bbox 703 4428 832 4490; x_wconf 86' lang='lat' dir='ltr'><strong>Diacono</strong></span> <span class='ocrx_word' id='word_1_500' title='bbox 843 4429 921 4506; x_wconf 83' lang='lat' dir='ltr'><strong>Papa</strong></span> <span class='ocrx_word' id='word_1_501' title='bbox 977 4434 1054 4493; x_wconf 89' lang='lat' dir='ltr'><strong>rium</strong></span> <span class='ocrx_word' id='word_1_502' title='bbox 1067 4431 1116 4491; x_wconf 93' lang='lat' dir='ltr'><strong>lll.</strong></span> <span class='ocrx_word' id='word_1_503' title='bbox 1130 4429 1168 4489; x_wconf 90' lang='grc'><strong>40</strong></span> <span class='ocrx_word' id='word_1_504' title='bbox 1183 4443 1243 4506; x_wconf 89' lang='grc'><strong>000</strong></span> <span class='ocrx_word' id='word_1_505' title='bbox 1255 4442 1339 4486; x_wconf 84' lang='lat' dir='ltr'><strong>mox:</strong></span> <span class='ocrx_word' id='word_1_506' title='bbox 1351 4425 1430 4485; x_wconf 88' lang='lat' dir='ltr'><strong>sicut</strong></span> <span class='ocrx_word' id='word_1_507' title='bbox 1443 4429 1474 4482; x_wconf 89' lang='lat' dir='ltr'><strong>et</strong></span> <span class='ocrx_word' id='word_1_508' title='bbox 1485 4413 1691 4500; x_wconf 76' lang='lat' dir='ltr'><strong>apanmuod</strong></span> 
     </span>
     <span class='ocr_line' id='line_1_46' title="bbox 197 4514 1688 4601; baseline -0.003 -25"><span class='ocrx_word' id='word_1_509' title='bbox 197 4514 302 4578; x_wconf 87' lang='lat' dir='ltr'><strong>ablln.</strong></span> <span class='ocrx_word' id='word_1_510' title='bbox 318 4520 386 4580; x_wconf 83' lang='grc'>744.</span> <span class='ocrx_word' id='word_1_511' title='bbox 402 4522 452 4582; x_wconf 72' lang='lat'><strong>28.</strong></span> <span class='ocrx_word' id='word_1_512' title='bbox 471 4521 563 4601; x_wconf 85' lang='lat' dir='ltr'><strong>April.</strong></span> <span class='ocrx_word' id='word_1_513' title='bbox 577 4520 614 4582; x_wconf 90' lang='lat' dir='ltr'><strong>ad</strong></span> <span class='ocrx_word' id='word_1_514' title='bbox 632 4520 700 4584; x_wconf 84' lang='grc'>734.</span> <span class='ocrx_word' id='word_1_515' title='bbox 714 4521 761 4584; x_wconf 86' lang='grc'><strong>43.</strong></span> <span class='ocrx_word' id='word_1_516' title='bbox 780 4522 920 4582; x_wconf 85' lang='lat' dir='ltr'><strong>Februar.</strong></span> <span class='ocrx_word' id='word_1_517' title='bbox 974 4519 1475 4596; x_wconf 78' lang='lat' dir='ltr'><strong>Aurhobartumllrchiepisoopum</strong></span> <span class='ocrx_word' id='word_1_518' title='bbox 1484 4517 1688 4586; x_wconf 86' lang='lat' dir='ltr'><strong>Viennensem,</strong></span> 
     </span>
     <span class='ocr_line' id='line_1_47' title="bbox 195 4607 1690 4699; baseline -0.003 -31"><span class='ocrx_word' id='word_1_519' title='bbox 195 4607 238 4670; x_wconf 83' lang='lat' dir='ltr'><strong>dc</strong></span> <span class='ocrx_word' id='word_1_520' title='bbox 250 4627 309 4687; x_wconf 89' lang='grc'><strong>000</strong></span> <span class='ocrx_word' id='word_1_521' title='bbox 326 4617 445 4688; x_wconf 86' lang='lat' dir='ltr'><strong>praeter</strong></span> <span class='ocrx_word' id='word_1_522' title='bbox 461 4614 534 4676; x_wconf 89' lang='lat' dir='ltr'><strong>alios</strong></span> <span class='ocrx_word' id='word_1_523' title='bbox 548 4617 711 4692; x_wconf 84' lang='lat' dir='ltr'><strong>Gregorius</strong></span> <span class='ocrx_word' id='word_1_524' title='bbox 737 4614 919 4694; x_wconf 78' lang='lat' dir='ltr'><strong>Polydorus,</strong></span> <span class='ocrx_word' id='word_1_525' title='bbox 974 4637 1065 4699; x_wconf 89' lang='lat' dir='ltr'><strong>qnam</strong></span> <span class='ocrx_word' id='word_1_526' title='bbox 1084 4615 1254 4678; x_wconf 77' lang='lat' dir='ltr'><strong>ludovicus</strong></span> <span class='ocrx_word' id='word_1_527' title='bbox 1277 4613 1405 4674; x_wconf 88' lang='lat' dir='ltr'><strong>lacobus</strong></span> <span class='ocrx_word' id='word_1_528' title='bbox 1421 4628 1488 4691; x_wconf 84' lang='lat' dir='ltr'><strong>pag.</strong></span> <span class='ocrx_word' id='word_1_529' title='bbox 1508 4611 1555 4670; x_wconf 90' lang='grc'><strong>89.</strong></span> <span class='ocrx_word' id='word_1_530' title='bbox 1580 4609 1690 4667; x_wconf 87' lang='lat' dir='ltr'><strong>notavit</strong></span> 
     </span>
     <span class='ocr_line' id='line_1_48' title="bbox 195 4699 1690 4791; baseline -0.003 -27"><span class='ocrx_word' id='word_1_531' title='bbox 195 4700 437 4781; x_wconf 65' lang='lat' dir='ltr'><strong>augustinianus</strong></span> <span class='ocrx_word' id='word_1_532' title='bbox 465 4707 656 4772; x_wconf 86' lang='lat' dir='ltr'><strong>Pistoriensis</strong></span> <span class='ocrx_word' id='word_1_533' title='bbox 682 4712 711 4770; x_wconf 90' lang='grc'><strong>40</strong></span> <span class='ocrx_word' id='word_1_534' title='bbox 735 4726 791 4771; x_wconf 88' lang='grc'><strong>000</strong></span> <span class='ocrx_word' id='word_1_535' title='bbox 810 4709 918 4786; x_wconf 76' lang='lat' dir='ltr'><strong>Grego·</strong></span> <span class='ocrx_word' id='word_1_536' title='bbox 974 4714 1127 4791; x_wconf 84' lang='lat' dir='ltr'><strong>vulgatam</strong></span> <span class='ocrx_word' id='word_1_537' title='bbox 1154 4726 1171 4770; x_wconf 88' lang='lat' dir='ltr'><strong>a</strong></span> <span class='ocrx_word' id='word_1_538' title='bbox 1198 4707 1313 4770; x_wconf 84' lang='grc'>’400000</span> <span class='ocrx_word' id='word_1_539' title='bbox 1336 4723 1353 4766; x_wconf 91' lang='grc'><strong>0</strong></span> <span class='ocrx_word' id='word_1_540' title='bbox 1386 4707 1479 4767; x_wconf 86' lang='lat' dir='ltr'><strong>Basca</strong></span> <span class='ocrx_word' id='word_1_541' title='bbox 1500 4705 1529 4766; x_wconf 92' lang='lat' dir='ltr'><strong>in</strong></span> <span class='ocrx_word' id='word_1_542' title='bbox 1556 4699 1690 4766; x_wconf 79' lang='lat' dir='ltr'><strong>biblioth.</strong></span> 
     </span>
     <span class='ocr_line' id='line_1_49' title="bbox 165 4794 1692 4882; baseline 0.002 -29"><span class='ocrx_word' id='word_1_543' title='bbox 165 4869 173 4877; x_wconf 32' lang='lat'><strong>·</strong></span> <span class='ocrx_word' id='word_1_544' title='bbox 193 4811 294 4872; x_wconf 74' lang='lat' dir='ltr'><strong>roano,</strong></span> <span class='ocrx_word' id='word_1_545' title='bbox 309 4799 374 4860; x_wconf 88' lang='lat' dir='ltr'><strong>sive</strong></span> <span class='ocrx_word' id='word_1_546' title='bbox 390 4799 464 4862; x_wconf 90' lang='lat' dir='ltr'><strong>libro</strong></span> <span class='ocrx_word' id='word_1_547' title='bbox 476 4799 515 4860; x_wconf 89' lang='lat' dir='ltr'><strong>de</strong></span> <span class='ocrx_word' id='word_1_548' title='bbox 533 4803 609 4862; x_wconf 82' lang='lat' dir='ltr'><strong>xlv.</strong></span> <span class='ocrx_word' id='word_1_549' title='bbox 627 4805 796 4882; x_wconf 86' lang='lat' dir='ltr'><strong>Gregoriis,</strong></span> <span class='ocrx_word' id='word_1_550' title='bbox 811 4807 918 4864; x_wconf 78' lang='lat' dir='ltr'><strong>horna-</strong></span> <span class='ocrx_word' id='word_1_551' title='bbox 973 4805 1162 4874; x_wconf 87' lang='lat' dir='ltr'><strong>Floriaoensi,</strong></span> <span class='ocrx_word' id='word_1_552' title='bbox 1180 4808 1211 4862; x_wconf 92' lang='lat' dir='ltr'><strong>et</strong></span> <span class='ocrx_word' id='word_1_553' title='bbox 1227 4822 1243 4863; x_wconf 89' lang='grc'><strong>0</strong></span> <span class='ocrx_word' id='word_1_554' title='bbox 1271 4805 1382 4864; x_wconf 89' lang='lat' dir='ltr'><strong>loanne</strong></span> <span class='ocrx_word' id='word_1_555' title='bbox 1410 4794 1548 4863; x_wconf 83' lang='lat' dir='ltr'><strong>liorraao</strong></span> <span class='ocrx_word' id='word_1_556' title='bbox 1561 4800 1594 4860; x_wconf 86' lang='lat' dir='ltr'><strong>in</strong></span> <span class='ocrx_word' id='word_1_557' title='bbox 1617 4799 1692 4858; x_wconf 84' lang='grc'>0044·</span> 
     </span>
    </p>
   </div>
   <div class='ocr_carea' id='block_1_3' title="bbox 0 0 1786 5582">
    <p class='ocr_par' dir='ltr' id='par_1_4' title="bbox 0 0 1786 5582">
     <span class='ocr_line' id='line_1_50' title="bbox 0 0 1786 5582; baseline 0 2"><span class='ocrx_word' id='word_1_558' title='bbox 0 0 1786 5582; x_wconf 95' lang='lat' dir='ltr'><strong> </strong></span> 
     </span>
    </p>
   </div>
  </div>
 </body>
</html>
