3624 5600
729 121 980 186 ioannes
1540 129 1598 192 tbi

102 231 277 295 wesselum
299 227 336 290 de
359 228 573 306 indulgentiis,
596 245 673 306 quas
693 231 822 291 auctori·
916 232 1088 294 4044444438
1110 231 1278 311 47436664,
1296 233 1416 312 junior,
1437 231 1602 313 anglesei

100 334 164 390 tate
176 325 331 388 Ecclesiae
341 317 823 400 canonisatas‚disputstali'cs-
877 326 940 405 ipse
958 327 1122 388 Monachus
1139 327 1479 388 Westmonasteriensis
1499 328 1603 392 Ordin.

99 421 164 481 ⁸0¹0
180 427 296 480 44444843
314 418 343 476 ln
362 415 488 477 dubium
507 415 619 476 406344·
860 419 1030 480 -Banedict
1047 423 1127 480 circa
1145 437 1194 481 an.
1217 421 1307 483 4366.
1328 427 1450 501 praeter
1467 422 1606 486 6644444466

139 511 159 550 ¹
175 513 305 590 Farrago
332 525 435 569 rerum
460 507 707 586 theologicarum
725 508 822 570 multo
876 514 998 590 scripsit
1022 511 1217 592 Horologium
1238 511 1411 595 8694664466
1431 515 1515 576 libris
1542 519 1603 579 vit.

102 613 175 669 ante
192 603 341 684 prodivit,
354 617 445 680 quam
462 619 479 662 a
496 602 629 662 Fabricio
647 602 695 663 bic
711 601 823 663 indice-
875 604 954 683 quod
974 607 1092 684 magnis
1109 606 1272 681 laudibus,
1290 609 1343 686 qui
1365 609 1507 688 legerunt
1533 611 1605 672 alle-

99 709 170 776 tur3
191 713 260 759 nam
281 694 486 756 Lambalerus
504 696 606 756 46666
628 696 703 756 444441.
719 695 822 757 Civica
875 705 966 772 runt,
984 705 1100 760 646646
1121 707 1265 760 veterum
1286 701 1408 778 scriptis
1426 719 1517 780 prope
1533 719 1605 764 con-

98 789 324 854 Vindoboneusi
342 805 408 868 pag.
425 788 494 856 373.
513 793 644 850 46646464
660 789 770 850 habere
787 803 821 849 66
877 791 1034 853 4646644664
1048 791 1186 870 judicant
1202 799 1282 854 teste
1298 794 1387 854 446466
1398 795 1446 854 vi.
1457 798 1505 857 47.
1520 799 1605 858 Ρ466-
1725 787 1731 802 “

99 887 130 946 46
149 883 256 945 eadem
274 881 414 944 Bibliotb.
432 898 510 959 opus
527 881 601 943 illud
614 883 643 940 in
656 883 682 942 4.
695 884 822 960 impres·
875 890 959 946 terea
975 887 1057 946 vario
1074 885 1266 964 rythmorum
1288 903 1401 964 genere
1423 905 1462 948 66
1481 890 1512 951 8.
1531 891 1605 950 364·-

100 997 171 1042 6646
189 979 304 1056 absque
323 976 387 1036 loco
402 981 434 1035 et
444 991 525 1035 auno
540 974 621 1054 quod
638 993 676 1036 ex
695 977 757 1054 ipsa
776 981 824 1053 ty·
875 977 973 1038 66436
988 983 1141 1058 expressit
1157 979 1366 1041 lleditatioues
1393 979 1430 1042 de
1455 979 1604 1061 beneficiis

99 1087 209 1151 porum
228 1069 323 1148 figura
342 1068 438 1129 multo
458 1069 615 1145 antiquius
631 1083 701 1129 esso
718 1067 822 1148 digno·
875 1073 950 1133 DEI
961 1075 1053 1151 incip.
1070 1073 1155 1133 13644
1173 1073 1299 1136 34444444
1308 1069 1405 1134 664644
1416 1073 1604 1136 meditatione

100 1167 285 1240 scitur‚nec
301 1163 438 1223 continet
454 1162 598 1240 epistolas
614 1160 652 1222 de
666 1161 823 1239 indulgen·
876 1172 906 1226 64
928 1152 1090 1229 8444664664
1110 1165 1324 1248 compassionis
1343 1167 1432 1244 cujus
1460 1169 1601 1231 initium:

98 1259 151 1318 tiis
169 1273 247 1335 quae
274 1257 305 1315 in
332 1254 405 1316 edit.
433 1251 600 1315 basileensi
615 1254 753 1318 lutheri
771 1271 819 1315 an.
869 1260 937 1342 jam
951 1277 1031 1321 64466
1044 1260 1140 1322 Matri
1156 1259 1272 1339 Virgini
1283 1260 1395 1321 664466.
1412 1260 1528 1322 Eadem
1547 1263 1604 1324 Pit·

101 1351 181 1414 4633
192 1353 292 1429 (quam
311 1351 440 1427 primam
458 1354 544 1410 notat
560 1349 724 1425 Fabricius)
734 1353 821 1408 sexto
876 1371 948 1416 snus
969 1371 1035 1433 pag.
1054 1355 1121 1416 495,
1145 1371 1211 1433 seq,

99 1445 166 1506 loco
184 1445 340 1523 leguntur.
915 1445 1395 1511 toaddestt'iocteimeusstve
1419 1448 1605 1516 Wr'ncbelseo

139 1537 298 1598 JOANNIS
315 1534 351 1596 de
371 1533 555 1616 Westplulio
572 1537 710 1616 Legenda
736 1535 774 1596 de
791 1537 823 1598 S.
876 1541 993 1620 anglus
1008 1542 1117 1602 Ductor
1138 1541 1339 1618 oxoniensis,
1357 1544 1488 1624 denique
1509 1563 1604 1610 senex

99 1631 216 1692 'l'boma
225 1629 374 1709 Aquinate
381 1630 440 1690 its.
448 1630 564 1708 lipsiae
575 1627 823 1691 iuaibtaautina.
876 1633 1039 1693 llouacbus
1051 1632 1124 1695 Ord.
1140 1635 1244 1695 ldinor'.
1263 1637 1451 1698 sarisburiae
1468 1638 1604 1700 6644466.

139 1723 312 1786 JOANNES
332 1721 579 1800 Wbetomstedur,
590 1739 681 1812 supra
694 1721 824 1784 ioannes
880 1726 969 1789 4336.
996 1726 1071 1788 Vide
1096 1728 1220 1789 Balbum
1243 1729 1367 1790 Centur.
1395 1731 1430 1790 V.
1456 1748 1522 1811 cap.
1549 1730 1604 1795 Xl.

3 1819 4 1824 ’
99 1816 338 1890 Frumenturins
353 1833 426 1902 pag.
450 1815 519 1878 333.
857 1877 860 1884 ,
880 1818 1082 1899 Waddingum
1094 1837 1160 1900 pag.
1175 1821 1245 1882 333.
1259 1828 1291 1883 64
1305 1825 1439 1886 Pitseum
1454 1843 1523 1904 pag.
1534 1827 1603 1888 647.

44 1945 48 1951 -
140 1908 313 1973 JOANNES
331 1908 501 1972 Wiccamua
517 1908 633 1989 Anglus
647 1911 825 1990 Theologlae
879 1914 931 1992 qui
952 1911 1019 1990 ejus
1038 1903 1185 1974 Lectnros'
1205 1913 1407 1976 scholasticos
1434 1910 1606 1980 memorant

98 2005 211 2065 Ductor
231 2003 414 2064 oxoniensis
434 2001 527 2063 libros
549 2005 615 2065 Xll.
642 2003 824 2066 Concordiae
879 2011 910 2064 et
927 2001 1102 2081 Quodlibetu
1122 2005 1309 2085 Tbeotopicu,
1328 2009 1546 2089 Semnonecqne
1559 2008 1605 2092 sc-

97 2096 302 2176 Evangelicae
314 2096 470 2158 uberiores
481 2093 828 2176 6444464464Ν64446966644
880 2097 1021 2174 stipuler,
1034 2102 1165 2177 absuper
1176 2099 1313 2178 66944664
1323 2101 1503 2164 Aristotelis.
1515 2104 1603 2166 46646

99 2192 132 2250 46
142 2195 274 2268 quatuor
283 2189 693 2268 EvangeliaCommentarios
706 2193 827 2251 466646-
881 2195 932 2270 qui
953 2193 1117 2252 Passerino
1138 2193 1281 2254 Ioannes·
1296 2193 1492 2259 Wincbelsen.

97 2281 243 2361 pendium
262 2282 345 2343 misit
361 2289 440 2343 teste
457 2285 556 2344 Pitse'o
574 2299 640 2362 pag.
658 2285 727 2344 334.
743 2283 824 2344 Obiit
916 2284 1087 2346 ioannes
1100 2283 1605 2368 Wirtnbnrpensisl'resbyter,cu-

97 2377 335 2458 Nottlngbamus
349 2397 397 2440 au.
414 2379 502 2440 4333.
518 2379 556 2442 de
570 2395 630 2458 quo
644 2385 821 2458 supratom.
876 2377 928 2456 jus
948 2378 1182 2458 Dercmptionam
1205 2385 1307 2440 464466
1327 2383 1457 2442 Sanctae
1477 2383 1513 2444 ad
1532 2385 1606 2447 dile·

100 2471 129 2530 3.
150 2487 219 2550 pag.
241 2471 310 2533 447.
879 2479 965 2534 64664
984 2487 1074 2542 suum
1098 2475 1214 2534 socium
1236 2481 1268 2533 et
1288 2473 1489 2537 domesticum
1507 2477 1607 2539 444646-

137 2563 312 2627 4044444438
330 2563 476 2646 Wr'clcfus
488 2614 495 2644 ,
508 2566 600 2644 inira,
614 2565 825 2630 WlCLEFUS.
879 2567 1055 2626 4466444666
1074 2565 1131 2626 diu·
1143 2574 1213 2644 post
1233 2583 1282 2626 an.
1302 2567 1389 2628 4433.
1406 2571 1604 2648 compositam

138 2656 310 2719 JOANNES
330 2649 555 2738 Wicbinpomus
569 2661 822 2740 Anglus,0rdin.
878 2657 972 2719 edidit
992 2659 1026 2717 V.
1048 2657 1082 2717 G.
1104 2657 1277 2720 Bernartius
1296 2660 1355 2718 Pez
1375 2666 1449 2720 tom.
1472 2665 1484 2722 4
1508 2661 1605 2723 duee

99 2751 170 2812 tdin.
193 2751 308 2812 claruit
329 2752 537 2831 cantabrigiae
559 2755 638 2814 circa
659 2769 707 2813 an.
735 2753 823 2815 4363.
879 2751 1018 2811 66464646
1037 2757 1123 2828 parte
1144 2750 1173 2809 3.
1194 2767 1260 2828 pag.
1284 2750 1425 2812 433-634.
1448 2750 1616 2816 lateralia

100 2839 178 2920 Ejus
198 2844 357 2905 Sermones
377 2843 413 2904 de
434 2839 565 2924 tempore
587 2852 617 2906 et
642 2847 825 2928 6449646446-
877 2859 946 2921 pag.
962 2843 1030 2904 633.
1044 2842 1093 2904 664
1109 2841 1147 2902 de
1161 2843 1298 2904 Ecclesia
1314 2845 1421 2904 Sancti¹
1431 2845 1604 2921 Sepulchri,

101 2935 291 2999 6664666664
300 2937 530 2999 446466644446.
542 2946 573 2998 64
584 2939 704 3000 Pitseus
716 2958 745 3018 p.
759 2942 824 3000 493.
880 2934 1053 3007 sciendum,
1074 2938 1191 3013 inquit,
1213 2934 1294 3016 quod
1324 2935 1369 2997 464
1395 2937 1456 2996 6464
1476 2937 1606 3014 Graeci,

137 3028 308 3092 JOANNES
329 3027 365 3090 446
389 3027 612 3112 34666646996
633 3029 827 3111 Augustinia-
881 3027 1174 3105 6636444666ηηί,
1187 3029 1606 3108 44669644,36644,’Ν666444,

3 3161 4 3172 .
101 3139 161 3185 666
187 3139 278 3206 quem
300 3123 337 3186 ad
359 3139 408 3185 an.
424 3123 526 3194 illd:
541 3132 614 3185 tom.
635 3127 667 3186 3.
691 3125 827 3188 4446444664.
883 3121 1036 3197 34446666,
1055 3120 1165 3200 46944,
1182 3121 1329 3198 44646664,
1349 3123 1491 3199 Redemi,
1508 3119 1607 3186 Ι44664-

103 3235 171 3296 pag.
191 3217 259 3279 473.
277 3215 383 3303 laudat
397 3225 503 3278 auctor
520 3218 659 3279 chronici
677 3217 826 3280 Comitum
880 3213 985 3292 pioni,
1012 3215 1155 3290 4446664,
1180 3216 1310 3279 3644664
1331 3215 1507 3292 166664466,
1535 3220 1609 3300 3944

100 3311 397 3389 Oldenburgensium
409 3356 416 3383 ,
428 3315 620 3390 testaturque
632 3317 751 3390 praeter
761 3313 830 3373 Ser·
883 3307 1177 3383 decorissimam,
1196 3308 1335 3389 AEpypb',
1356 3309 1609 3392 Gopbti‚.Coplta-

102 3419 209 3464 mones
243 3403 354 3463 multos
380 3403 416 3462 ad
446 3403 589 3479 Clarum,
622 3405 829 3484 populumque
884 3400 978 3462 464464
992 3395 1181 3465 studenter
1200 3403 1372 3483 Eugenium
1390 3405 1551 3485 Rogerium
1570 3407 1608 3470 de

100 3497 262 3572 scripsisse
292 3493 501 3575 Vaniloqninm
522 3495 578 3556 hoc
600 3503 648 3556 est
676 3497 829 3559 6666666-
883 3495 961 3556 xiv.
984 3492 1195 3558 differentibus
1216 3497 1389 3558 nationibus
1410 3504 1521 3560 terram
1539 3517 1608 3561 sau·

99 3589 215 3650 4644466
236 3587 268 3648 46
289 3587 523 3665 3664666466,
545 3588 665 3652 6664466
694 3590 828 3653 64446664
882 3595 962 3650 64664
979 3588 1200 3669 incolentibus,
1217 3592 1247 3650 46
1262 3591 1329 3668 eius
1343 3590 1544 3670 descriptione
1554 3596 1608 3656 Pa-

3 3703 4 3742 i
98 3683 249 3764 partibus.
884 3682 1050 3757 laestiuae,
1072 3683 1186 3744 Gallice
1207 3682 1288 3745 edita
1308 3687 1402 3745 Paris.
1425 3686 1513 3748 4663.
1536 3689 1563 3748 l.

3 3755 5 3834 ἶ
142 3776 315 3839 4ΟΑΝΝΕ8
329 3775 623 3857 Wiltonus'anglus,
638 3777 831 3856 augustinia·
923 3775 1146 3837 condiisses
1166 3775 1303 3853 47444466,
1319 3778 1438 3856 opidulo
1449 3780 1607 3841 Treviren-

3 3857 5 3930 4
101 3887 162 3932 666
189 3869 292 3931 docuit
314 3871 435 3931 Parisiis
457 3879 550 3950 atque
578 3871 649 3954 inde
675 3872 828 3948 0666466,
885 3869 928 3931 646
950 3867 1099 3944 diocesis,
1122 3867 1225 3931 docuit
1245 3872 1325 3930 circa
1347 3873 1506 3932 6664436.
1524 3873 1609 3934 coln-

100 3963 203 4026 646466
219 3967 298 4026 64466
320 3981 370 4026 66.
392 3965 481 4026 4340.
502 3963 578 4041 Ejus
600 3967 732 4043 scripta,
750 3983 831 4027 com·
886 3965 971 4036 niae,
1000 3963 1182 4039 scripsitque
1210 3965 1371 4022 Lecturam
1397 3961 1429 4021 46
1457 3961 1608 4040 aptitatus

101 4058 242 4118 mentarii
271 4057 302 4118 46
323 4055 483 4137 4466494466
503 4065 655 4135 utraque,
677 4065 770 4136 atque
799 4055 830 4118 46
885 4053 975 4116 Ρ6644
987 4097 994 4128 ,
1008 4059 1040 4114 64
1053 4055 1308 4114 commentarium
1324 4052 1357 4112 46
1371 4054 1421 4114 W.
1434 4049 1526 4114 446466
1535 4057 1608 4115 Sen-

100 4147 728 4211 34646644444646446.146464646644666646
743 4148 831 4210 Tbeo-
884 4145 1057 4208 4664464646.
1077 4146 1153 4206 Vide
1178 4145 1380 4208 Trithemium
1402 4144 1439 4204 de
1456 4148 1608 4224 scriptori·

101 4241 203 4324 46946,
226 4241 420 4320 Quaestione
446 4247 475 4304 et
496 4233 830 4318 tecmracjtecmrae
884 4243 941 4303 bus
962 4239 1063 4300 Germ.
1085 4254 1150 4316 cap.
1174 4237 1245 4300 437.

100 4337 133 4397 46
153 4333 248 4398 446466
269 4335 503 4398 Sententiarum.
528 4339 688 4398 86466664
705 4335 831 4414 hyema-
916 4332 1093 4418 'JOllNNES
1110 4329 1287 4412 Wratinpns
1298 4332 1424 4410 Anglus,
1436 4333 1607 4394 canonicus

101 4433 167 4507 les,
186 4445 240 4509 per
256 4427 525 4508 Quadragesimam
545 4435 580 4490 64
600 4429 765 4490 Sermones
781 4445 830 4490 aa·
885 4417 1142 4501 Waltbam'euais,
1163 4443 1256 4503 quem
1277 4443 1314 4487 66
1336 4428 1427 4487 Pitsei
1449 4441 1516 4503 pag.
1537 4427 1605 4487 334.

103 4522 242 4587 stivales.
257 4521 331 4584 Vide
346 4523 471 4584 Baleum
487 4525 535 4584 44.
551 4523 599 4582 34.
616 4523 750 4582 Pitseum
762 4533 828 4599 pag.
885 4521 964 4581 inter
984 4521 1148 4597 scriptores
1166 4535 1239 4580 suos
1256 4518 1348 4579 464644
1364 4515 1517 4596 Congius,
1534 4519 1607 4580 nibil

103 4621 172 4682 393.
201 4633 266 4695 seq.
287 4615 454 4696 iosepbum
476 4615 665 4696 Pamphilum
687 4631 754 4694 pag.
781 4615 828 4677 43.
885 4613 966 4675 64466
983 4631 1020 4674 ex
1038 4613 1106 4692 ejus
1128 4613 1301 4674 testimonio
1323 4611 1484 4689 reliquisse
1500 4627 1609 4689 cogno

103 4713 132 4774 b.
148 4711 289 4773 Chronici
303 4710 536 4789 augustiniani:
552 4716 585 4770 et
598 4708 724 4787 Philippi
738 4707 829 4778 Elssii
885 4709 1000 4782 scitur,
1018 4707 1078 4766 uisi
1093 4704 1227 4766 46664664
1243 4711 1337 4783 anper
1349 4703 1482 4784 94646664
1494 4703 1609 4784 394446-

104 4805 351 4866 666646466446646
375 4819 440 4884 pag.
465 4805 533 4872 sos,
554 4803 752 4868 Passerinum
771 4808 828 4862 etc.
888 4797 989 4860 464664
1011 4797 1106 4861 Ponti.
