3368 5536
97 120 158 182 aa
711 112 1001 195 00444000

95 225 229 299 rinnai,
246 223 284 283 de
301 239 362 301 qao
383 236 475 302 supra
492 230 563 283 tom.
580 224 599 283 2
617 241 645 302 p.
662 223 732 285 284.
749 240 821 283 con-
876 232 926 298 40,
948 222 1002 283 sod
1030 238 1047 282 a
1075 222 1164 285 Surio
1193 222 1391 301 interpolata,
1408 221 1484 284 44000

94 321 262 381 4400044000
294 317 342 376 404
364 317 541 395 repetitione
562 318 599 377 ab
621 318 709 378 Anno
730 316 819 378 4273.
916 314 1116 396 4404040004
1132 313 1307 394 Sapientiae
1322 321 1354 376 et
1365 315 1492 377 4444440444

94 414 133 476 ad
151 413 238 475 4305.
255 409 405 471 Freheras
433 415 505 468 tarn.
537 413 549 471 4
576 412 756 489 scriptoram
774 428 821 471 rc·
874 414 940 473 sive
956 406 1150 488 Hmniopiam
1166 408 1341 489 Sapientiae
1357 412 1492 491 scriptun

93 523 163 568 rum
193 502 441 565 Germanicarum
473 521 540 582 pag.
561 504 621 564 385
655 502 820 581 (editionis
874 504 1090 568 0000404340.
1102 492 1207 564 Latine
1218 503 1492 585 abductare,saep

95 616 191 660 00400
204 615 268 677 pag.
284 596 365 671 555.)
380 595 559 673 4040040404
574 597 612 657 ab
626 596 714 657 Anao
732 598 819 659 4266.
874 599 990 661 editam
1007 599 1128 659 Parisiis
1146 596 1236 658 4470.
1251 598 1339 658 4480.
1356 605 1388 658 04
1397 586 1492 660 cum'r

81 693 132 758 .ad
165 692 251 753 4300.
283 706 354 751 cam
381 690 607 750 continuatione
640 689 819 752 [40440404
875 694 926 752 4440
942 694 972 753 S.
991 690 1152 753 Gertrudis
1172 687 1260 752 4578.
1279 698 1345 754 4044
1362 691 1492 752 Venetiit

100 783 240 863 Wetlinp,
254 790 346 861 atque
364 783 466 844 4404440
480 781 548 858 eius
565 782 749 858 00440404,
760 785 821 844 itta
875 786 965 849 4536.
981 786 1077 847 torma
1094 787 1211 845 minore
1225 790 1258 844 et
1275 785 1366 845 4530.
1378 790 1472 863 040440
1487 784 1492 846 4

56 936 59 941 .
94 878 258 939 nechoram
274 877 304 937 S.
323 875 453 938 Udairici
471 881 503 935 et
523 875 612 936 44400
628 875 820 954 Augustaao·
875 882 905 939 in
925 880 1064 957 piurimis
1081 877 1290 938 bibliothecis}
1313 877 1477 955 Protogam

92 989 170 1045 ram,
184 977 216 1030 et
231 970 386 1030 memorati
401 968 567 1029 Eberhardi
582 968 619 1029 ab
636 986 717 1031 anno
729 971 819 1031 4300.
873 973 938 1033 diae
965 970 1136 1032 Goibertino
1152 972 1272 1048 primas
1291 969 1432 1048 vulgavit
1460 969 1491 1031 40

91 1065 129 1147 044Ι
157 1065 244 1125 4334.
273 1081 340 1143 pag.
369 1062 519 1122 404-440.
539 1061 697 1139 (editionis
720 1079 816 1122 novae
874 1064 978 1136 000444
986 1069 1057 1122 4004.
1074 1064 1086 1123 4
1108 1078 1175 1140 pag.
1192 1063 1262 1124 654.
1276 1063 1345 1124 655.
1361 1063 1415 1140 004
1431 1064 1492 1123 0440

93 1159 273 1218 8440440000
291 1172 357 1235 pag.
375 1156 539 1230 584-596.)
556 1153 644 1234 Apud
661 1155 817 1216 canisium
873 1158 966 1217 sionis
986 1156 1099 1215 4040440
1114 1154 1247 1217 Gallicae
1269 1158 1458 1216 mentionem
1480 1154 1492 1216 4

94 1268 166 1312 4040
183 1258 254 1310 tom.
282 1250 430 1311 44040440
457 1248 598 1309 editionis
615 1266 681 1328 pag.
700 1248 769 1309 220.
788 1248 818 1308 444
873 1252 942 1313 656.
970 1264 1034 1326 seq.
1057 1248 1148 1309 etiam
1175 1250 1256 1328 typis
1283 1249 1455 1327 exscriptae
1483 1246 1492 1309 4

91 1344 217 1406 annates
234 1349 357 1404 04040444
370 1341 409 1403 ab
425 1359 504 1402 anno
523 1343 609 1404 4452.
629 1342 667 1403 ad
685 1342 773 1404 4272.
875 1345 962 1407 4493.
980 1344 1029 1405 toi.
1046 1349 1078 1403 et
1097 1343 1183 1403 4530.
1202 1344 1230 1402 8.
1257 1348 1291 1403 04
1311 1359 1350 1403 ex
1365 1357 1444 1402 nora
1462 1356 1492 1401 44

133 1438 324 1500 00004008
337 1433 503 1509 8044404004,
514 1434 615 1496 4444400
626 1436 821 1497 Giasconicn·
875 1440 962 1501 4684.
982 1439 1030 1500 42.
1046 1443 1077 1498 04
1089 1436 1307 1507 Germanicae,
1324 1441 1417 1514 04000
1435 1433 1492 1515 Ant

94 1535 137 1593 sis
151 1534 230 1593 04400
246 1547 362 1592 040040
380 1528 467 1592 4400.
495 1531 544 1590 004
568 1530 680 1591 diversi
697 1533 818 1611 generis
874 1532 1086 1611 belgicaeque.

95 1632 234 1704 poemata
255 1625 359 1686 tribuit
375 1624 578 1701 Pitseaspag.
595 1623 663 1684 258.
682 1639 741 1683 uon
760 1622 817 1683 da·
915 1627 944 1701 2)
962 1622 1123 1686 conciones
1137 1622 1261 1702 aliquot.

95 1719 157 1778 bita
173 1717 305 1779 eandem
323 1733 392 1777 esse
418 1733 489 1778 cum
506 1717 635 1777 Hearico
655 1714 761 1791 stain,
783 1715 821 1776 de
917 1715 944 1791 3)
958 1710 1110 1794 Epistulae
1123 1713 1313 1790 complures,
1331 1712 1491 1790 inquibus

95 1828 156 1889 quo
176 1827 277 1889 supra.
877 1811 957 1870 lecta
974 1807 1065 1887 digna
1079 1806 1117 1868 ad
1136 1806 1289 1867 bominem
1315 1808 1344 1865 ia
1359 1822 1469 1895 ⁸agone
1488 1860 1492 1873 ,

134 1903 329 1965 4404404008
365 1905 587 1977 00400400040,
621 1911 820 1983 cognomento
876 1904 1096 1975 constitutam,
1114 1916 1192 1978 quae
1220 1905 1322 1961 exstat
1351 1898 1433 1979 apud
1459 1901 1492 1960 04

95 1996 236 2071 Sardus,
253 1997 403 2058 archiater
415 1999 532 2058 44004404
551 1998 577 2057 4.
591 1998 680 2075 Regis
695 1998 822 2058 Franco·
876 1996 913 2059 ad
928 2011 1042 2057 annam
1058 1992 1145 2055 4337.
1166 2010 1248 2054 num.
1263 1994 1327 2054 XV.

97 2108 186 2168 rum,
204 2097 239 2151 ut
255 2097 376 2151 constat
399 2109 437 2152 044
464 2089 599 2151 Orderici
616 2090 722 2151 Vitatis
748 2090 821 2150 libro
912 2090 939 2165 4)
960 2085 1105 2167 Diabetai
1126 2085 1163 2147 de
1183 2085 1334 2161 Veritate,
1353 2088 1420 2146 0440
1441 2086 1492 2148 Ver

97 2187 114 2245 3
142 2184 178 2244 ad
198 2201 313 2245 annam
332 2186 420 2246 4059.
442 2191 474 2245 04
500 2184 663 2245 Wiiheimo
690 2184 823 2244 00444044-
876 2198 947 2243 carn
964 2180 1126 2258 Discipulo.
1138 2181 1226 2241 lianc
1237 2180 1397 2258 Dialogum
1412 2177 1492 2241 Gaiti

94 2279 176 2337 censi
195 2277 244 2338 lib.
259 2275 289 2337 7.
303 2294 330 2338 c.
346 2279 395 2339 38.
877 2277 915 2335 444
928 2274 1047 2336 Parisiis
1065 2272 1152 2334 4704.
1171 2273 1219 2334 42.
1237 2271 1334 2347 idem,
1359 2274 1411 2350 004
1437 2272 1492 2333 An.

138 2370 332 2433 iiENBiGUS
348 2371 435 2447 (aliis
449 2368 619 2444 Amandus)
637 2371 727 2446 Sata,
744 2370 823 2429 Coa·
879 2366 1079 2445 Horologium,
1095 2368 1129 2426 D.
1147 2365 1186 2427 de
1199 2367 1334 2437 Vienne,
1353 2367 1384 2426 S.
1399 2365 1492 2446 Capei

96 2466 276 2525 staatiensis
302 2464 444 2538 840400,
472 2463 594 2525 Ordinis
621 2462 820 2524 Praedicator.
877 2461 1025 2522 varieasis
1043 2461 1072 2518 in
1093 2459 1162 2521 Bria
1177 2458 1360 2521 canonicas.

95 2557 169 2617 obiit
186 2558 289 2618 Uimae
307 2556 342 2617 Α.
360 2557 447 2618 4465.
466 2556 515 2617 25.
533 2557 654 2617 400004.
673 2556 752 2616 40404
766 2557 823 2615 Do·
917 2554 944 2630 5)
966 2552 1098 2613 Libeiius
1111 2551 1148 2612 de
1163 2568 1270 2613 novem
1282 2550 1423 2632 rupibus.

95 2658 196 2711 atores
216 2651 360 2728 Mysticos
388 2649 469 2709 iliius
486 2650 594 2709 aetatis
611 2648 762 2721 eximius,
784 2646 822 2707 de
918 2648 946 2722 6}
968 2646 1094 2709 Centum
1113 2645 1320 2708 Meditationes
1342 2645 1492 2707 Dominiaa

96 2760 156 2822 quo
173 2743 475 2823 postPossevianm,
492 2743 649 2816 0040004,
667 2742 694 2817 0)
711 2740 824 2801 Labbe-
878 2741 992 2818 440040,
1020 2756 1092 2801 0004
1121 2740 1247 2801 totidem
1276 2741 1492 2819 petitionibus,

96 2854 169 2911 um,
186 2837 216 2913 b)
232 2834 406 2905 Oudiaum,
423 2846 450 2909 c)
468 2834 686 2914 Gandiiagiam
699 2832 729 2910 d)
751 2833 822 2895 alio·
875 2840 1053 2899 etiamnum
1070 2836 1225 2895 exercitiis
1243 2834 1272 2894 S.
1291 2835 1472 2911 Gertradis,
1488 2838 1492 2897 i

96 2948 192 3010 sque,
213 2929 385 2991 accuratius
401 2927 531 2989 lacobus
548 2928 652 3000 Quetii
665 2934 739 2987 tom.
759 2930 771 2989 4
791 2944 820 3006 0.
877 2930 964 2993 4578.
981 2928 1027 2990 Ad
1053 2944 1107 2989 eas
1124 2928 1267 3007 praiogas
1283 2946 1302 2989 0
1319 2928 1432 2989 Codice
1446 2930 1492 2990 lie

97 3025 165 3086 653.
184 3040 249 3101 seq.
268 3023 365 3083 Vitam
384 3022 488 3081 Latine
505 3022 650 3100 scriptam
671 3022 822 3101 Operibus
876 3024 1005 3100 risieasi,
1020 3022 1123 3083 editas
1139 3038 1157 3082 0
1171 3022 1283 3087 tanobo
1299 3023 1404 3094 Quetit
1419 3025 1470 3084 4.4

96 3116 164 3194 ejus
185 3116 342 3194 praemisit
359 3115 487 3189 Sarius,
505 3130 582 3175 usus
595 3115 822 3188 commentario,
915 3118 944 3193 7)
956 3116 1134 3178 0000404440
1143 3114 1299 3194 Sapientia
1311 3115 1492 3177 exercitium

97 3227 188 3289 quem
206 3225 290 3269 soror
306 3206 482 3269 Elisabetba
499 3207 614 3286 Staglia
630 3206 667 3268 de
682 3207 749 3267 4440
766 3206 824 3266 ira·
878 3209 1036 3273 tinaimae
1051 3206 1269 3269 dulcissimam.

97 3306 152 3364 tris
168 3304 296 3363 Sasonis
313 3304 342 3361 in
359 3303 476 3362 44440400
491 3300 668 3362 Germanice
680 3302 822 3362 miserat:
877 3314 881 3321 ·
918 3307 946 3381 8)
966 3302 1103 3386 Officium
1120 3301 1330 3382 praedarum
1353 3301 1389 3363 de
1409 3309 1492 3366 aeter

97 3398 145 3456 044
162 3398 249 3457 80440
267 3393 397 3455 eandem
408 3392 492 3453 dedit
507 3392 680 3467 bollandus,
694 3394 725 3453 40
740 3392 825 3454 netis
874 3397 1011 3478 pientia,
1034 3412 1145 3475 saepe,
1166 3402 1203 3458 ut
1230 3403 1316 3456 notat
1344 3396 1485 3460 Labbeus

100 3485 283 3555 8000404440
301 3495 374 3547 tom.
393 3488 412 3548 2
436 3488 558 3547 ianuar.
583 3503 649 3564 pag.
675 3486 823 3548 653-680.
881 3495 1011 3553 missum
1032 3494 1134 3570 typis,
1156 3491 1310 3568 variisque
1332 3492 1361 3549 in
1385 3492 1480 3569 locis,

96 3584 145 3642 cai
163 3582 310 3641 4400440440
330 3582 387 3639 istc
406 3581 537 3640 8000400
554 3583 582 3638 04
607 3576 824 3658 Tbeapuevstus
878 3589 958 3647 risiis
975 3586 1062 3647 4578.
1081 3584 1282 3663 Luxomburgi
1301 3586 1390 3646 4605.
1408 3584 1492 3664 0004.

97 3674 236 3752 Scriptor
253 3671 431 3751 appellatur·
442 3670 569 3750 Operaa
582 3672 669 3733 Surio
683 3671 824 3733 Coloniae
877 3683 928 3740 rici
947 3681 1075 3742 Sasonis
1091 3697 1129 3739 04
1148 3679 1276 3739 Suriaaa
1290 3680 1395 3739 Latine
1409 3680 1492 3741 00144

101 3769 189 3829 1555.
205 3773 237 3826 04
253 3765 342 3826 4588.
361 3765 391 3825 8.
404 3763 486 3824 edita
503 3781 670 3843 recusaqae
688 3766 777 3827 4645.
794 3766 822 3823 8.
878 3792 911 3836 sa
932 3774 1054 3835 parisiis
1070 3773 1158 3832 4580,
1179 3769 1267 3832 4597,
1287 3772 1376 3833 teta,
1395 3775 1423 3832 8,
1440 3781 1492 3853 atq

88 3859 264 3939 ,0444000044
285 3856 373 3920 4658.
405 3858 452 3919 42.
479 3864 511 3918 04
539 3876 677 3938 magnam
704 3866 822 3937 partem
877 3868 952 3942 lice,
980 3867 1095 3945 lgnatio
1115 3864 1164 3925 dei
1183 3863 1302 3940 Nente,
1331 3867 1492 3927 Florentia

99 3971 187 4017 40400
206 3970 224 4013 0
245 3950 426 4014 Germanico
447 3952 505 4015 alia
533 3954 636 4014 Latino
656 3958 745 4031 00400
762 3951 823 4013 0444-
877 3960 956 4021 dinis
993 3958 1256 4032 Praedicatorum,
1294 3961 1461 4038 interprete

916 4146 1106 4209 0440040448
1119 4146 1217 4220 Teuta,
1232 4143 1303 4205 Ord.
1320 4147 1423 4206 4444404.
1440 4146 1492 4208 intr

135 4221 162 4283 ι)
178 4223 252 4272 Cart.
269 4224 338 4272 0404.
352 4222 402 4271 tit.
417 4222 445 4271 8.
460 4223 489 4270 ii.
506 4217 537 4268 ed
549 4224 652 4268 tanum
675 4216 745 4267 4000.
874 4256 959 4321 ηοω
976 4237 1013 4299 de
1032 4237 1142 4299 Verlt't.

134 4295 164 4359 b)
182 4300 252 4348 tom.
272 4295 293 4345 4,
312 4295 342 4346 de
360 4299 420 4345 §.ii
446 4306 504 4356 pag.
523 4290 581 4343 428.
1366 4334 1372 4344 .

85 4400 86 4404 =
134 4372 159 4430 0)
175 4370 290 4420 oudinus
307 4377 385 4419 tama.
406 4370 431 4418 5.
448 4382 506 4432 pag.
524 4366 596 4417 1004.
614 4380 671 4430 seq.
683 4370 729 4430 004
743 4370 825 4416 tiara·
917 4330 1105 4396 ΗΕΝΒῙΕῘῘΒ
1118 4334 1235 4407 Teum»
1255 4330 1492 4412 Albestsfflgm

90 4446 187 4508 ingiam
202 4452 230 4494 0.
251 4444 325 4495 4300.
341 4446 511 4506 compositum
527 4442 572 4492 ab.
588 4448 713 4501 auctore,
731 4454 822 4505 perpe·
878 4428 987 4509 pulu8,
1005 4426 1076 4488 Otd.
1093 4425 1199 4488 Praed.
1216 4427 1334 4505 primus
1351 4428 1434 4486 Prior
1448 4427 1492 4487 Co

90 4533 146 4571 4040
161 4520 259 4579 00414044
275 4532 305 4569 ex
321 4520 515 4581 subscriptione
533 4519 635 4570 00444040
653 4521 825 4579 manicatis,
878 4524 921 4583 3¹3
936 4522 974 4582 ,ab
984 4522 1072 4583 Αῃῃο
1084 4521 1173 4583 0000,
1186 4526 1279 4597 atque
1291 4526 1363 4579 ange
1376 4522 1492 4583 Anna„

92 4592 406 4658 04000004400044414440
424 4598 452 4642 Α.
471 4593 825 4682 1560,040404440,1400004
878 4614 1052 4677 dommus·
1069 4613 1142 4674 Vide
1153 4612 1299 4674 jacobum
1311 4612 1492 4683 Quetifwm¹

96 4670 139 4720 eb.
148 4668 256 4717 ilenrico
264 4667 451 4733 constantiensi
464 4672 634 4731 compositam
646 4666 825 4731 reetecoitrgns

139 4742 167 4803 d)
183 4744 212 4790 in
231 4743 340 4790 04040440
355 4737 508 4794 eruditionis
521 4745 589 4795 edita
606 4746 754 4794 Germanice
772 4751 791 4794 4.
804 4744 827 4793 2.
880 4710 928 4769 Μ·
947 4708 996 4770 ubi
1014 4726 1053 4769 ⁰¹
1070 4706 1192 4768 J⁰sd³⁰i
1210 4707 1340 4768 Samnis
1361 4710 1402 4766 ⁸⁹¹
1414 4707 1492 4766 ΨΜ

100 4830 162 4884 pag.
179 4813 251 4867 4044.
268 4826 323 4876 004.
883 4803 942 4863 4044
961 4819 1032 4862 eam
1048 4808 1213 4878 antequam
1231 4798 1387 4863 Coloniam
1413 4814 1489 4877 perr
