3562 5582
604 57 1038 124 HUVETBEHTUS'
1344 7 1353 18 ι
1505 61 1565 124 287

88 168 178 230 stlte
193 164 383 228 sacerdotum
400 173 431 226 et
449 167 665 232 monachorum
682 167 790 228 abbor·
845 171 1003 248 Pragensi,
1022 170 1050 228 in
1080 169 1254 230 memoriam
1281 184 1427 230 novorum
1454 177 1566 247 marty-

87 260 168 324 reada
183 259 398 322 abominatione
416 260 609 323 desolationis
631 263 659 320 in
687 262 792 322 Eccle-
845 281 914 324 rum
930 281 996 342 pag.
1014 262 1083 323 369.
1101 263 1150 323 46.
1168 262 1380 322 Universitatis
1408 263 1567 340 Pragensis

87 357 125 416 sia
137 355 248 428 CHristi
263 371 329 434 pag.
347 352 415 416 376.
431 342 723 434 Etiam'hujustibri
741 371 790 416 oa·
845 357 972 416 assertio
992 355 1214 416 communionis
1233 354 1292 416 sub
1322 361 1450 432 utraque
1467 357 1567 434 specie

87 449 141 527 pita
165 448 259 527 priora
286 447 373 508 XLV.
400 447 609 518 Brunsletdius
637 445 790 510 ediderat:
846 466 912 530 pag.
930 449 999 510 364.
1018 448 1063 510 47.
1080 446 1411 513 Revocatiocuiusdam
1432 447 1567 509 Honacbi

20 543 21 546 ’
88 543 202 603 Caetera
217 557 234 602 a
257 540 293 602 46
310 539 347 604 44
365 538 404 603 87
419 543 449 602 44
464 541 596 620 Operum
619 542 707 606 Hussi
729 539 792 602 edi·
846 543 1023 624 Pragensis,
1041 543 1172 616 PETRI,
1186 539 1243 604 44.
1257 539 1336 603 4447
1350 543 1402 620 444
1420 542 1505 620 prius
1516 540 1570 601 do-

20 683 22 728 ,
88 622 207 696 tionibus
222 649 388 695 accessere.
402 635 485 706 Quae
497 633 642 714 deinceps
655 637 684 694 in
697 634 792 713 primo
847 638 911 700 cuit
919 639 1148 698 Sacramentum
1161 636 1344 699 sumendum
1357 635 1415 698 sub
1427 651 1487 696 una
1501 649 1570 714 spe·

20 737 21 750 ¹
88 735 159 788 4444
174 734 366 807 sequuntur,
387 728 494 790 eadem
510 731 611 790 omnia
636 729 792 810 vulgatae
846 732 892 792 cie
914 747 979 810 pag.
995 730 1063 792 365.
1078 731 1127 791 48.
1148 730 1368 790 testimonium
1384 729 1569 790 [4444444444-

20 833 22 844 ·
87 817 281 884 brunsleldio:
297 821 346 884 38.
355 821 399 882 De
412 821 566 883 abolendis
583 823 675 882 sectis
686 827 719 884 et
735 827 795 882 tra-
847 824 1084 886 tisOxoniensis
1100 823 1138 884 de
1151 821 1286 884 doctrina
1298 829 1330 885 et
1347 825 1410 885 vita
1424 823 1489 884 444.
1508 818 1571 882 wt-

87 914 238 976 ditionibus
252 911 409 978 bominum
426 928 493 994 pag.
511 914 580 975 442.
599 917 647 977 39.
668 916 711 975 De
728 932 796 994 per·
848 915 948 996 olephi
966 933 994 995 p.
1012 917 1082 977 366.
1100 917 1131 977 4.

88 1009 154 1070 nioie
164 1007 357 1069 traditionum
371 1007 574 1070 humanarum
587 1027 653 1089 pag.
667 1009 735 1068 443.
747 1009 794 1070 46.
875 1012 942 1072 'Vir
958 1010 1085 1075 Clarias.
1100 1011 1202 1072 Herm.
1218 1009 1259 1072 ab
1275 1009 1379 1072 Hardt.
1390 1012 1438 1074 oui
1449 1010 1523 1074 Aeta
1540 1017 1573 1072 et

87 1103 123 1163 lle
142 1103 255 1163 unitate
274 1097 428 1164 Ecclesiae
444 1109 475 1164 44
488 1102 664 1164 schismate.
678 1120 707 1182 p.
727 1101 795 1166 445.
850 1106 1010 1166 Historiam
1027 1104 1153 1166 Concilii
1169 1105 1419 1168 constantiensis
1436 1105 1513 1166 ielici
1527 1109 1573 1166 at·
1637 1089 1642 1100 ’

87 1197 110 1256 4.
124 1197 168 1257 44.
187 1197 232 1258 De
246 1196 429 1274 Evangelioa
445 1195 626 1274 perfectione
644 1212 710 1274 pag.
726 1197 795 1257 449.
850 1217 910 1281 que
924 1203 1068 1262 accurato
1084 1196 1185 1284 studio
1206 1197 1386 1272 illustratam
1403 1197 1572 1270 debemus,

20 1281 22 1356 4
88 1290 171 1352 ttae
183 1290 329 1367 mysterio
341 1287 518 1368 iniquitatis
535 1289 722 1367 4444444444,
740 1290 798 1352 444-
851 1299 982 1356 testatus
996 1299 1043 1353 est
1060 1292 1087 1362 44
1106 1290 1144 1353 44
1160 1306 1269 1353 manus
1283 1291 1339 1352 sibi
1353 1299 1422 1352 esse
1437 1290 1570 1352 hostiurn

20 1359 24 1460 4
87 1389 234 1460 qnantum
251 1399 317 1464 pag.
344 1382 585 1446 saracene
614 1383 797 1446 revolat-iona
851 1383 1576 1470 atqueadaersariorumHussiscripta‚Stcpbnni

20 1473 21 1488 ¹
87 1475 191 1537 CHristi
209 1481 242 1538 et
258 1475 458 1554 AntioHristi,
476 1477 678 1556 fragmentum
693 1495 722 1558 p,
739 1478 791 1539 464
852 1478 888 1542 de
899 1478 1067 1542 Poleaanti
1083 1481 1231 1552 Hussum,
1243 1476 1416 1556 scriptaque
1427 1478 1493 1554 alia,
1506 1485 1572 1540 turn

20 1583 22 1624 i
87 1569 111 1628 4.
125 1569 168 1630 44.
185 1568 253 1631 Alia
265 1569 413 1651 quaedam
427 1570 798 1649 fragmentattlconten-
852 1573 1076 1637 lucubrationes
1090 1568 1281 1634 4444444444
1299 1573 1415 1650 Propo,
1431 1570 1574 1650 Theologi

88 1664 188 1724 tionem
211 1664 243 1723 in
260 1662 463 1742 disputatione
495 1662 650 1729 vitandam
672 1680 750 1726 esse.
768 1664 796 1740 24
853 1667 1030 1746 Pragensis,
1062 1665 1187 1726 loannis
1218 1665 1404 1742 4144444444,
1433 1665 1575 1744 Theologi

20 1747 21 1764 ¹
88 1754 237 1832 Apostolos
269 1755 408 1818 manibus
436 1758 551 1819 victum
585 1757 797 1836 quaesivisse,
854 1761 1037 1841 Lipsiensis,
1067 1757 1203 1823 Oawoldi
1225 1757 1401 1834 Hbeinleia,
1435 1759 1576 1838 Theologi
1620 1799 1623 1806 «

90 1863 140 1906 444
169 1846 370 1911 mendicasse.
393 1849 420 1926 3)
450 1849 487 1912 de
519 1849 577 1912 fide
606 1851 742 1912 formata.
770 1851 798 1926 44
853 1855 1034 1936 Viennensis
1054 1853 1263 1931 aliorumque:
1282 1851 1341 1913 Sed
1364 1869 1421 1913 nec
1440 1852 1506 1911 ilias
1521 1867 1578 1911 nec

20 1953 22 2022 4
87 1941 248 2018 explanatio
262 1941 318 2002 loci
336 1943 445 2006 Genea.
464 1945 570 2006 xttx.
583 1942 630 2006 47.
645 1942 718 2005 Fiat
732 1943 800 2004 Dan
854 1965 892 2008 ex
914 1947 1004 2008 Hussi
1021 1946 1143 2024 scriptis
1165 1941 1265 2024 aliqua
1284 1945 1313 2004 in
1335 1943 1423 2006 dotis
1450 1942 1511 2007 illis
1525 1958 1579 2002 vo-

87 2029 211 2095 cotoder.
226 2037 255 2113 54
272 2034 398 2106 Quando
414 2037 505 2098 tuerit
518 2038 652 2100 ablatum
664 2039 736 2117 juge
753 2054 800 2100 sa-
856 2039 914 2102 luit
927 2055 1101 2119 comparere
1114 2085 1121 2114 ‚
1136 2037 1190 2100 sed
1204 2044 1325 2100 tanturn
1344 2038 1375 2098 in
1389 2037 1492 2098 limine
1504 2036 1579 2096 tomi

87 2127 236 2203 4444444444,
254 2133 286 2189 44
307 2129 453 2209 inceperit
479 2131 660 2194 abominatio
687 2131 802 2194 desola-
855 2134 936 2198 tertii
958 2131 1122 2212 publicavit
1141 2127 1248 2192 Jocodi
1270 2128 1482 2192 modenensis
1510 2129 1580 2208 Epi-

87 2221 174 2282 tionis.
190 2219 271 2300 tilde
284 2223 429 2301 mysterio
443 2223 566 2306 losepbl
583 2231 615 2291 44
629 2225 800 2288 Pharaonis.
857 2227 940 2306 scopi
973 2228 1138 2288 orationem
1172 2233 1243 2287 ante
1264 2225 1446 2305 supplicium
1473 2225 1579 2300 444444,

300 2314 385 2378 Torno
399 2321 585 2398 posteriore:
846 2303 965 2382 ¹coram
990 2321 1065 2398 lmp.
1086 2317 1281 2399 sigismundo
1302 2324 1333 2379 et
1360 2323 1423 2378 toto
1449 2317 1581 2380 Concilio
1621 2335 1624 2343 ⁴
1758 2335 1761 2342 ·

124 2411 149 2469 4.
169 2409 301 2470 Historia
327 2418 482 2490 gestorum
500 2413 611 2474 Christi
631 2412 801 2476 secundum
860 2413 972 2476 dictam
990 2415 1019 2474 6.
1040 2413 1099 2476 444.
1123 2411 1179 2474 An.
1204 2413 1283 2475 4445
1304 2412 1495 2491 similemque
1516 2409 1582 2489 444·

89 2508 144 2562 tres
168 2519 268 2564 annos
294 2503 523 2583 praedicationis
540 2507 614 2567 Eius
629 2506 753 2588 digesta
767 2525 799 2586 p.
860 2507 945 2568 sdern
963 2525 993 2587 p.
1011 2507 1048 2568 54
1066 2506 1123 2568 dn.
1139 2506 1217 2567 4446
1234 2505 1272 2566 39
1297 2503 1385 2584 Hay'i,
1407 2506 1438 2565 ln
1465 2503 1581 2584 suppli-

91 2596 155 2658 42.
176 2597 307 2658 Historia
329 2599 478 2676 passionis
504 2599 621 2661 CHristi
642 2617 708 2680 pag.
727 2599 756 2662 7.
773 2601 801 2662 3.
861 2603 942 2664 oium
960 2599 1142 2662 sumendum
1167 2598 1204 2660 de
1226 2600 1408 2676 Hieronymo
1429 2598 1600 2678 Pragensi..

90 2689 251 2752 Conciones
264 2685 319 2752 IX.
338 2691 506 2771 Synodicae
534 2709 599 2772 pag.
619 2694 668 2756 25.
688 2695 714 2754 4.
737 2695 807 2756 844-
859 2695 935 2756 Acta
953 2695 1016 2774 ipsa
1033 2699 1218 2754 autemoum
1233 2693 1332 2753 Husso
1346 2691 1584 2770 diiigenter-par·

93 2801 188 2848 mones
207 2785 344 2848 XXVHI.
363 2803 428 2866 pag.
448 2785 495 2848 54.
514 2785 543 2849 5.
564 2787 758 2868 Paraphrasis
774 2793 806 2850 et
862 2790 965 2867 spicae
975 2803 1009 2848 44
1019 2785 1148 2848 fideliter
1157 2785 1320 2848 traduntur
1331 2787 1362 2844 in
1376 2790 1582 2862 tomoquarto,

92 2877 253 2956 4441444444
270 2879 397 2958 insignis
415 2881 444 2940 in
464 2881 528 2942 4444.
546 2882 644 2961 priora
662 2883 760 2961 capita
778 2885 805 2944 t.
860 2883 911 2960 qui
941 2880 1115 2942 doctissimo
1145 2877 1266 2942 Hardtio
1287 2879 1439 2958 imprimis
1475 2893 1583 2956 magno

92 2971 124 3031 ad
138 2971 271 3033 Corinth.
288 2988 357 3051 pag.
369 2973 408 3036 33
425 2981 456 3034 44
471 2975 498 3052 6)
517 2977 546 3034 in
565 2973 717 3060 Epistulas
730 2975 808 3056 Apo
861 2973 961 3036 studio
982 2979 1014 3034 et
1040 2972 1140 3034 labore
1169 2973 1327 3046 constitit,
1351 2973 1380 3032 ia
1402 2987 1463 3050 quo
1496 2975 1584 3050 gesta

93 3066 234 3127 stolorum
248 3065 414 3127 Canonicas
425 3067 487 3128 Vll.
504 3085 570 3150 pag.
587 3067 655 3131 405.
671 3069 698 3130 7.
714 3069 807 3132 Enar·
861 3067 986 3131 Consilii
1000 3083 1060 3128 non
1072 3083 1221 3128 annorum
1239 3065 1350 3140 solam,
1369 3066 1584 3141 mensiumque

95 3159 161 3220 ratio
177 3159 291 3220 Psalmi
314 3159 382 3220 too.
400 3161 426 3238 a)
448 3168 480 3224 et
501 3179 565 3243 seq.
595 3180 693 3241 usquo
709 3161 747 3225 ad
764 3166 809 3224 in·
862 3159 917 3224 sed
930 3169 962 3222 et
978 3159 1094 3222 dierum
1105 3159 1210 3220 ordina
1225 3164 1366 3220 accurate
1379 3158 1583 3248 persequitur.

94 3259 207 3331 tagram
236 3253 306 3316 448.
336 3255 489 3317 Psaimum
518 3273 584 3336 pag.
614 3256 684 3318 229.
713 3258 741 3316 8.
766 3257 809 3318 De
884 3252 1201 3336 'HUVETBHHTHQ
1223 3268 1336 3332 supra,
1360 3249 1583 3324 HUBEHTHS,

95 3363 213 3428 corpore
230 3345 348 3408 CHristi
371 3349 401 3409 in
415 3347 505 3411 Sacra
522 3350 622 3412 Coena
634 3397 642 3427 ,
656 3349 735 3428 quod
750 3366 809 3411 non
866 3365 933 3428 pag.
951 3347 1025 3410 265.

95 3449 332 3520 aestuansque
346 3443 469 3522 incipiat
483 3459 553 3504 esse
568 3442 810 3523 pag.3l0.9.l)e
902 3438 1147 3504 HUXAHIENSH
1175 3440 1344 3504 Cbronioon
1362 3457 1379 3500 a
1404 3438 1492 3499 Petro
1524 3435 1588 3497 Via·

95 3534 263 3598 adoratione
287 3541 318 3596 et
341 3542 446 3598 contra
473 3537 637 3616 imaginum
664 3537 811 3600 adoratio-
863 3533 1211 3609 sclbeccio,lluxariensi
1228 3531 1299 3596 Ord.
1315 3531 1429 3594 benedt
1444 3537 1586 3608 coeptum

95 3643 158 3688 nem
183 3645 252 3708 pag.
276 3629 414 3692 344.-49.
438 3631 574 3692 Narratio
597 3631 739 3693 historica
756 3630 811 3691 Bo-
864 3636 895 3691 et
909 3644 926 3690 a
940 3627 1137 3692 GHEGOHlO
1156 3625 1348 3702 Wittcdenoc,
1362 3625 1515 3690 Canonico
1528 3623 1589 3683 Hu-

96 3717 170 3782 4444
186 3725 217 3782 in
232 3721 363 3786 Concilio
381 3726 551 3802 praesentis
571 3723 609 3785 de
629 3723 812 3787 condemna·
863 3724 995 3784 xariensl
1009 3739 1106 3801 usque
1118 3720 1286 3783 eddanum
1298 3720 1413 3784 CHristi
1428 3717 1506 3779 4498
1517 3733 1589 3776 444-

95 3816 169 3880 tione
193 3818 387 3898 etsupplicio
412 3817 558 3880 lobannis
579 3819 689 3896 Hussi‚
708 3820 737 3878 in
755 3820 797 3898 Sy
863 3819 1042 3888 44444444,
1068 3832 1137 3878 oum
1171 3813 1374 3876 additionibus
1402 3813 1439 3873 H.
1472 3810 1584 3871 Nicolai

97 3907 167 3972 nodo
183 3911 408 3974 Constantiensi
441 3927 506 3990 pag.
536 3912 603 3972 344.
636 3914 683 3975 44.
717 3913 808 3974 Hussi
864 3905 1007 3984 Erbenii,
1024 3915 1125 3969 exstat
1147 3909 1227 3968 notis
1255 3906 1476 3968 illustratuma
1504 3901 1590 3963 Chri-

96 4020 214 4066 carmen
231 4003 440 4084 rhytbmicum
457 4003 494 4064 de
508 4020 602 4065 coena
613 4005 730 4066 Domini
746 4023 802 4084 pag
865 4003 963 4062 stiano
989 3999 1148 4062 Pranoisco
1174 3998 1289 4061 Paulini
1303 3997 1331 4070 44
1350 3998 1380 4055 44
1398 3993 1465 4072 ejas
1486 4009 1588 4054 rerum

98 4099 160 4158 348.
182 4097 231 4161 42.
259 4097 393 4160 Narratio
411 4096 449 4158 de
475 4098 512 4158 H.
544 4095 726 4176 Hieronymo
746 4099 814 4159 Pra·
866 4089 1588 4173 etantiquitatumGarmanicarumsyntagmate,

97 4193 189 4270 gensi,
203 4209 257 4272 pro
268 4192 385 4255 CHristi
398 4193 519 4252 nomine
530 4192 725 4254 Constantiae
740 4209 814 4254 eru·
868 4187 1001 4251 Francol.
1022 4187 1099 4249 4698
1115 4187 1144 4246 44
1164 4186 1192 4247 4.
1266 4234 1268 4240 ,

99 4292 142 4346 sto
159 4303 225 4366 pag.
243 4285 310 4348 349.
330 4287 377 4346 49.
404 4284 468 4346 Alia
494 4283 531 4346 de
552 4283 658 4346 eodem
685 4287 815 4347 narratio
911 4278 1144 4354 HYGDHNUS,
1161 4295 1253 4359 supra
1269 4275 1473 4339 HlGDHNUS.

99 4395 162 4458 pag.
180 4377 239 4441 354
256 4379 285 4440 b.
303 4380 351 4439 44.
369 4375 475 4458 Pogqii
485 4377 647 4439 Plorantini
666 4379 813 4458 scriptum
908 4376 1079 4439 HYGlNUS
1092 4372 1360 4452 agrimensor‚non
1376 4367 1426 4431 diu
1439 4375 1508 4449 post
1521 4369 1592 4430 Tra-

99 4471 134 4532 ad
151 4474 240 4534 Leon.
251 4471 409 4534 aretinum
425 4471 462 4533 de
476 4471 657 4550 Hieronymo
672 4473 812 4552 Pragensi

100 4581 164 4644 pag.
179 4567 248 4630 358.
267 4568 315 4628 45.
333 4563 438 4628 Sermo
455 4565 577 4628 habitus
591 4566 620 4624 in
638 4565 812 4626 Bethlehem

910 4641 935 4700 a)
951 4640 1090 4704 Protagora.
1107 4640 1138 4690 ad
1155 4647 1251 4692 tomam
1268 4641 1373 4690 tertium
1388 4650 1446 4702 pag.
1464 4639 1488 4688 9.

910 4719 939 4780 4)
957 4723 1017 4767 tcta
1033 4717 1111 4767 8444.
1128 4714 1198 4767 1699.
1215 4729 1240 4778 p.
1259 4713 1313 4766 483.
1329 4711 1479 4765 4444444444
1506 4716 1595 4762 tinter-

140 4791 166 4850 a)
179 4791 324 4844 secundum
342 4791 416 4842 44444.
434 4790 473 4842 ab.
494 4789 547 4840 444.
565 4791 595 4842 44
613 4789 667 4841 tto.
813 4847 815 4856 ,
864 4792 1007 4856 44444444,
1023 4795 1070 4842 tn.
1089 4790 1159 4842 4698.
1178 4803 1203 4853 p.
1215 4789 1271 4843 tao.
