3608 5604
252 97 312 161 saa
795 97 1126 162 consueras
1218 127 1223 138 ·
1444 190 1447 200 μ

250 205 289 266 ad
310 223 359 266 aa.
381 202 439 268 612
462 210 493 264 et
523 203 706 266 JULlANUS
740 205 903 268 toletanus
933 207 972 273 de
1029 199 1170 270 te're'non
1191 209 1336 271 diffitetur
1357 210 1511 286 Patavina,
1529 213 1575 288 qui
1604 212 1636 272 de
1658 214 1703 274 boe

251 316 311 378 quo
332 314 423 377 supra
444 314 511 376 pag.
533 297 591 358 tit
625 299 779 376 usquead
801 315 882 360 anno
903 299 972 362 380.
1029 301 1139 363 Lucida
1168 301 1294 380 ejusque
1325 303 1441 380 seriptis
1460 303 1645 364 consulendus
1662 307 1701 366 lib.

250 393 333 464 Quae
354 397 526 469 sequuntur
546 389 622 452 libro
638 394 727 452 tertio
748 399 779 452 et
796 393 870 455 liber
891 400 974 455 tatus
1027 395 1106 456 Xlll.
1128 413 1192 475 cap.
1214 395 1242 455 7.
1260 393 1298 455 de
1315 396 1400 456 Verbi
1417 397 1614 463 incarnatione.
1629 397 1703 460 rtu-

249 491 376 562 quartus
397 487 510 546 Lucam
533 479 700 547 auctorem'
720 486 855 548 habent„
870 487 974 550 Edidit
1028 491 1086 551 Sl'l
1105 487 1242 566 liciensts
1267 489 1402 568 Episcopi
1430 491 1554 568 Epistola
1579 491 1703 569 synodica

249 577 386 638 Andreas
408 577 553 640 Schottns
574 586 656 639 tomo
678 589 785 659 quarta
816 581 974 659 Hispaniae
1028 582 1064 643 ad
1083 581 1227 654 Lucidum
1239 598 1307 642 cum
1326 581 1424 650 Lucidi
1441 583 1533 644 libello
1548 583 1704 644 emendatio

250 672 417 732 illustratae
442 671 581 732 Francos.
612 673 699 732 raas.
736 673 813 734 tolia.
844 675 888 735 De
917 673 974 736 hoa
1029 677 1201 754 nislegitur
1219 675 1247 735 iu
1264 677 1353 736 tomis
1370 675 1704 736 Consiliorumetinsir-

248 781 339 843 opere-
354 764 437 826 etde
455 767 613 845 hispanica
635 765 703 842 eius
725 769 873 842 versione,
891 785 975 830 man·
1029 768 1129 830 mandi
1147 768 1288 829 Consiliis
1301 767 1492 830 Gallieetom.
1511 773 1536 842 t,
1552 769 1703 847 pilitbt.

248 862 357 920 tissam
380 859 416 920 ad
438 877 487 940 an.
523 859 602 921 tata
625 861 691 921 sive
724 869 852 922 mortem
875 861 975 922 Ferdi·
1029 861 1221 924 Caaiertud.
1239 861 1704 938 Thomassinumtorotadilon

250 953 340 1016 nandi
363 953 412 1014 lll.
432 969 533 1031 usque
554 953 727 1014 adiunctam
758 953 908 1031 habente,
929 955 975 1012 vi·
1029 957 1095 1016 cilia
1111 955 1184 1015 diss.
1203 954 1282 1016 lllll.
1300 971 1371 1034 pag..
1384 956 1440 1016 titt
1457 972 1518 1033 seq.

249 1045 370 1108 dendus
400 1049 461 1108 Nic.
494 1045 645 1107 Antonius
668 1053 738 1106 tom.
761 1048 789 1106 3.
815 1046 889 1108 Bibl.
911 1053 972 1106 vet.
1068 1048 1231 1110 tuerint
1248 1048 1453 1124 calaritanus,
1467 1050 1591 1121 sive,ut
1606 1053 1704 1107 vetera

249 1141 398 1218 llispanae
421 1157 486 1219 pag.
509 1138 558 1200 tt.
839 1197 843 1204 ,
1027 1140 1083 1202 hoc
1106 1158 1215 1202 nomen
1240 1141 1376 1216 ellerunt,
1391 1141 1578 1214 caralitanus,
1592 1143 1704 1214 raptui

216 1255 220 1264 ·
292 1233 336 1293 De
368 1232 468 1293 altera
498 1234 582 1308 vita,
600 1233 729 1314 fideique
761 1233 974 1295 conhauersiis
1027 1235 1057 1294 in
1076 1235 1211 1296 Sardinia
1228 1235 1412 1314 Episcopus,
1437 1237 1486 1313 qui
1513 1251 1587 1294 anno
1610 1233 1703 1296 Clln'sti

249 1325 400 1387 adversus
429 1324 635 1405 albigensium
667 1342 789 1387 errores
820 1323 894 1387 libri
915 1327 972 1386 ill.
1027 1327 1095 1390 stt.
1114 1327 1193 1389 diem
1211 1327 1587 1389 obiitlatinenonGraecs
1597 1327 1704 1404 scripsit,

250 1423 382 1499 primum
404 1420 463 1481 Aa.
485 1417 563 1482 raas
585 1420 744 1482 abeodem
758 1420 886 1491 schotto
902 1438 973 1482 curn
1027 1417 1705 1500 quanquem'soriptaejusGraeeetraasierenda

249 1513 374 1575 loannis
395 1516 542 1576 Marianae
567 1514 807 1594 prolegomenis,
831 1515 973 1594 vulgandi
1027 1517 1191 1576 auravitS.
1208 1514 1408 1589 Athanasius,
1430 1513 1496 1573 sire
1516 1518 1549 1573 ut
1564 1511 1591 1570 in
1606 1509 1706 1571 darmi-

250 1612 334 1669 missi
356 1609 394 1668 ad
416 1609 562 1670 iacobum
585 1609 784 1670 Grctserum:
806 1610 857 1686 qui
879 1607 973 1668 edidit
1026 1608 1078 1670 lini
1091 1617 1121 1669 et
1135 1607 1267 1670 Faustini
1286 1607 1383 1668 libello
1400 1621 1517 1685 precum
1534 1620 1595 1682 pag.
1611 1603 1707 1662 titre

251 1717 321 1763 aum
342 1702 510 1764 RElh'EltO
531 1710 562 1763 et
583 1703 650 1764 aliis
667 1702 841 1780 lngolstadii
860 1699 973 1764 rotat
1028 1701 1131 1776 ditur,
1154 1704 1217 1780 ipse
1244 1699 1406 1762 transtulit.
1433 1698 1537 1759 Dicant
1558 1711 1628 1756 nane
1645 1691 1707 1772 qaid

251 1811 375 1856 recusos
397 1813 493 1874 nuper
514 1797 593 1856 inter
625 1797 759 1856 Gretseri
781 1811 869 1874 opera
892 1802 973 1856 tomo
1028 1789 1150 1876 Lucifer
1167 1811 1276 1856 rwaam
1296 1792 1437 1853 docuerit.
1461 1791 1497 1851 Et
1515 1787 1580 1850 bene
1595 1785 1665 1867 quad
1678 1783 1706 1844 ii·
1785 1861 1786 1868 ἵ

249 1887 318 1950 Xll.
340 1896 371 1948 et
391 1891 421 1948 in
440 1889 633 1950 Bibliothecis
651 1891 772 1950 Patrem
789 1889 883 1948 Paris.
901 1893 972 1947 tom.
1029 1885 1099 1950 bras
1115 1881 1239 1966 scripsit
1253 1885 1293 1948 ad
1313 1884 1529 1958 Comhntrirm,
1544 1899 1597 1942 non
1611 1887 1643 1942 at
1655 1877 1707 1958 pb·

250 1981 470 2042 lVColoniens.
484 1980 973 2060 t.x111eatngd.t.xxvp.t88.
1027 1981 1123 2060 rr'que,
1139 1978 1267 2057 pieriam
1281 1982 1405 2060 captans
1421 1975 1538 2055 ingenii,
1554 1973 1603 2036 sed
1617 1973 1707 2033 Danu

290 2077 323 2136 ln
349 2074 531 2136 Bibliotheca
558 2075 701 2137 lesaitica
720 2082 784 2136 tum
807 2073 972 2154 Alegambii
1027 2073 1193 2135 testimonia
1208 2071 1361 2155 aptissime
1377 2073 1635 2150 conpmnscontra
1649 2063 1707 2124 bae·

249 2187 318 2249 pag.
337 2169 396 2230 358
414 2175 479 2230 tum
499 2167 656 2232 S'cthwelli
678 2185 746 2247 pag.
766 2157 828 2229 trr'
849 2167 899 2229 uhi
921 2167 973 2226 ho-
1018 2167 1134 2230 ,reticos
1148 2167 1293 2244 (Arianos)
1310 2169 1449 2226 etcantro
1462 2162 1555 2244 ipsum
1564 2161 1706 2221 Patronem

249 2279 316 2322 rum
333 2261 475 2322 librorum
494 2261 528 2322 fit
546 2264 678 2337 mentio,
698 2267 805 2323 auctor
821 2278 874 2339 per
891 2265 972 2321 errd-
1027 2259 1245 2320 baereticorum
1264 2257 1500 2334 (Constantium.)
1521 2257 1594 2330 Quas
1607 2249 1708 2332 patim

249 2371 313 2414 rem
335 2361 476 2433 typorum
506 2357 603 2416 Lucas
631 2353 778 2416 Tridentis
805 2353 971 2434 Episcopus
1006 2352 1122 2416 'libros
1138 2369 1206 2413 carn
1219 2369 1276 2432 per
1302 2349 1399 2410 omnia
1415 2367 1456 2410 ee
1472 2347 1578 2424 iatepro
1603 2345 1706 2420 agaret,

250 2464 303 2526 pro
325 2447 457 2508 ‘ludensi
480 2449 656 2526 appellatur.
763 2439 766 2445 '
1024 2446 1166 2528 saspeaeit
1181 2451 1210 2506 et
1225 2443 1408 2506 Athanasius
1433 2446 1468 2502 ut
1491 2438 1555 2500 ueri
1577 2434 1708 2504 nimias,

291 2543 329 2608 S.¹
339 2540 449 2602 isidori
461 2538 649 2619 Hispalensis
660 2539 724 2602 aila
740 2546 771 2601 et
782 2537 938 2600 miraculo
951 2547 983 2600 et
1025 2547 1115 2621 otqas
1137 2539 1167 2599 in
1194 2539 1343 2600 Graecam
1365 2533 1472 2615 atpium
1498 2527 1654 2602 transtulit,
1677 2541 1707 2584 ne

250 2635 386 2698 Historia
415 2633 641 2712 adortationis,
669 2637 885 2695 transmissas
907 2635 970 2695 Nic.
1027 2638 1142 2695 tantam
1160 2631 1229 2692 bani
1255 2631 1372 2712 Graeca
1399 2627 1498 2706 lingua
1523 2641 1576 2683 nan
1596 2617 1707 2722 liaberet.

248 2731 378 2791 Antonio
393 2727 502 2808 prodiit
520 2730 548 2787 in
564 2727 649 2788 Actis
664 2728 845 2789 Sanctorum
858 2729 970 2788 tamt.
1025 2724 1070 2788 Ad
1094 2727 1174 2787 hunc
1202 2725 1370 2785 Luciferum
1390 2720 1466 2781 duae
1485 2715 1627 2779 Athanasii
1651 2713 1709 2789 Epi·

248 2805 343 2902 April.
361 2825 387 2882 l.
407 2839 472 2901 pag.
489 2822 546 2882 330
563 2823 616 2884 354
635 2838 705 2882 cum
723 2823 803 2881 notis
820 2821 973 2882 llensahe-
1026 2821 1120 2881 stolae
1137 2824 1259 2879 exstant
1282 2817 1382 2876 Latina
1404 2815 1480 2873 inter
1501 2808 1614 2870 Luciieri
1633 2817 1708 2882 opera

251 2919 312 2992 nii,
333 2921 365 2977 et
389 2917 455 2975 sine
476 2915 535 2976 illis
553 2915 583 2974 in
609 2915 766 2976 llabillonii
796 2915 904 2975 Secula
925 2931 972 2974 se·
1026 2921 1058 2974 et
1072 2916 1150 2974 inter
1166 2912 1321 2973 Athanasii
1339 2915 1410 2968 tam.
1427 2906 1455 2966 2.
1468 2904 1535 2965 edit
1553 2915 1638 2962 norae
1652 2912 1709 2974 pag·
1785 2959 1786 2968 ,

251 3010 350 3071 cundo
368 3007 503 3069 Senator.
526 3007 597 3071 Ord.
615 3007 726 3068 Bensd.
747 3013 781 3070 ut
801 3008 903 3069 Cavea
920 3023 973 3068 uo-
1026 3009 1094 3069 965.
1107 3009 1218 3070 Earum
1233 3006 1358 3066 alteram
1369 2998 1592 3062 emendatiorem
1607 3001 1707 3070 quoque
1785 3007 1786 3026 .

248 3110 346 3165 tatum
368 3109 400 3162 et
422 3095 550 3162 oudino.
1025 3098 1109 3160 dedit
1125 3099 1281 3161 Chillctius
1301 3095 1338 3157 ad
1356 3093 1491 3170 vigiliam
1509 3105 1570 3168 pag.
1594 3083 1652 3146 103.
1671 3081 1707 3140 De

203 3239 207 3244 -
289 3195 505 3259 LUCENTlUS
522 3195 789 3274 temporeconcilii
807 3194 971 3257 Chalcedo-
1026 3194 1161 3255 Lnaiiero
1178 3207 1268 3270 quem
1291 3189 1378 3250 Zetus
1405 3181 1578 3245 incredibilis
1601 3184 1627 3237 et
1646 3189 1708 3282 ‘eon-

247 3293 352 3351 nensis
369 3291 538 3368 Episcopus
555 3289 759 3364 messianus,
776 3289 864 3349 cuias
880 3288 970 3368 epita
1024 3287 1133 3348 stantia
1151 3282 1386 3354 confessoribus,
1403 3279 1545 3357 asperitas
1561 3275 1588 3332 in
1604 3271 1708 3372 Episcc

246 3401 327 3444 mam
345 3381 561 3445 chronicorum
575 3382 679 3444 laudat
695 3381 853 3460 Liberatus
869 3398 933 3460 cap.
949 3381 968 3441 3
1019 3386 1077 3459 'pas
1089 3380 1277 3458 poenitentes
1289 3375 1452 3450 horumque
1463 3373 1628 3446 receptores
1639 3359 1708 3468 Salu-

246 3477 396 3538 breviarii.
421 3475 517 3554 liujus
534 3493 602 3536 esse
630 3470 799 3537 chronicon
817 3476 883 3536 sire
899 3491 970 3534 ean·
1024 3474 1131 3532 ematis
1148 3472 1208 3531 reis
1221 3468 1390 3546 adscripsit,
1405 3461 1522 3524 uidendi
1534 3456 1708 3534 salvatoriu-

247 3569 446 3629 tinnationem
464 3568 604 3630 Chronlci
621 3585 699 3646 quaa
717 3568 774 3628 sub
787 3568 969 3630 PEOSPEEI
1026 3566 1094 3626 talis
1111 3563 1203 3644 praet.
1222 3561 1258 3624 ad
1276 3560 1407 3622 Annales
1423 3554 1588 3627 Sardiniae,
1603 3557 1665 3652 tam,
1675 3547 1706 3650 lb

246 3662 368 3724 nornine
385 3659 504 3737 legitur,
513 3664 663 3738 persuasit
680 3660 735 3720 sibi
750 3664 881 3721 ioannes
895 3661 969 3721 Gar-
1024 3658 1157 3720 thesauri
1174 3657 1386 3735 antiquitatum
1408 3649 1530 3722 Siciliae,
1546 3639 1707 3724 postadun

247 3755 350 3814 nerius
362 3753 390 3811 in
404 3754 484 3813 notis
502 3753 540 3814 ad
552 3755 680 3814 Marium
693 3755 887 3814 ldercat‘arem
905 3760 927 3813 t.
941 3757 967 3816 t.
1024 3769 1093 3813 nem
1109 3750 1310 3811 Florentinum
1334 3745 1410 3807 tosa
1428 3743 1474 3802 iol.
1502 3738 1627 3799 recusis:
1643 3728 1706 3836 God-

244 3865 311 3928 pag.
329 3847 399 3908 ita.
421 3863 484 3926 seq.
500 3852 532 3906 et
552 3845 600 3908 ad
613 3847 784 3908 liberatum
806 3863 872 3928 pag.
890 3846 920 3908 7.
937 3855 969 3909 et
1023 3845 1119 3907 iridns
1136 3843 1327 3904 llermantius
1343 3841 1371 3898 ln
1389 3837 1451 3896 vita
1467 3829 1630 3902 Athanasii,
1643 3823 1704 3886 libra

143 3937 146 3940 ’
245 3943 292 4004 59.
311 3939 385 4002 Vide
404 3940 750 4002 inirainPROSPEllO.
899 3999 901 4004 ,
1014 3927 1183 4018 praecipue
1205 3935 1338 4012 lX.cap.
1357 3915 1704 3992 tt.Tillemantiust.l⁷ll

282 4031 419 4095 Alacres
433 4031 469 4094 de
487 4033 601 4096 LUClA
628 4041 659 4096 et
687 4032 851 4110 btendoaa,
871 4035 967 4110 inira,
1023 4032 1191 4092 memoriar.
1213 4044 1279 4107 pag.
1308 4025 1450 4100 btl‘scq.
1470 4026 1501 4081 et
1522 4025 1589 4078 tom.
1608 4012 1664 4074 xit.
1680 4025 1714 4085 l··

244 4127 371 4192 tillitu-
756 4115 759 4120 '
1023 4125 1070 4186 so.
1088 4123 1138 4185 uor
1168 4121 1207 4182 aa
1238 4117 1407 4195 urennymi
1440 4112 1556 4190 nrarogo
1579 4105 1704 4168 navemus

281 4218 475 4284 LUClANUS
505 4219 732 4284 Bebavacarrnn
752 4221 914 4302 Apostolus
935 4227 967 4281 et
1022 4217 1245 4291 Luciferianos,
1262 4213 1314 4291 qui
1331 4207 1497 4270 Luciferam
1514 4205 1603 4282 ipsum
1619 4204 1702 4258 tamffl

245 4316 367 4393 biart-pr.
391 4313 486 4388 lnira,
508 4313 586 4375 ODO
606 4317 782 4394 Episcopus.
1021 4311 1142 4372 beatum
1175 4323 1282 4370 vocare
1315 4319 1372 4364 non
1404 4299 1535 4393 dubitat,
1554 4300 1583 4355 et
1603 4291 1701 4398 ⁸bonuti

282 4407 448 4470 LliGlliUS
460 4407 623 4486 Presbyter
634 4409 662 4469 in
674 4405 968 4488 SpnodoArelotarrsi
1019 4393 1181 4484 pastorem.
1203 4399 1380 4462 Paschasius
1400 4387 1702 4486 Quasnellusdrsserts

244 4501 322 4563 circa
335 4519 383 4563 aa.
399 4499 467 4564 lib.
480 4501 579 4562 habita
592 4509 866 4564 revocarecoactus
877 4502 963 4581 plura
1019 4501 1099 4558 tione
1120 4495 1197 4558 xlv.
1219 4493 1257 4554 ad
1278 4494 1405 4552 Leonem
1425 4489 1460 4548 ll.
1481 4499 1567 4589 equa
1583 4481 1702 4587 repetite

242 4595 340 4669 capita
357 4612 434 4672 quae
450 4595 841 4659 adPraedestinatianorum
859 4597 964 4658 haere·
1019 4600 1108 4655 notae
1129 4607 1206 4670 quae
1228 4587 1360 4672 Faustini
1381 4591 1411 4643 et
1442 4577 1591 4684 Marcellini
1616 4567 1701 4677 ¹libello

243 4686 290 4743 sin
312 4685 493 4750 videbantur
514 4690 676 4768 accedere,
694 4707 880 4770 quamquam
900 4688 963 4769 plo-
1017 4703 1141 4768 precum
1163 4687 1192 4743 in
1217 4682 1345 4743 editione
1368 4675 1533 4738 -Osonienst
1561 4667 1702 4769 subparum

241 4793 335 4855 raqus
352 4780 538 4842 commodam
557 4785 835 4862 interpretationem
853 4782 962 4844 admit·
1017 4789 1076 4843 tur.
1106 4776 1292 4842 Benedictini
1318 4773 1397 4834 notis
1416 4768 1451 4830 ab
1473 4767 1501 4829 S.
1533 4761 1699 4826 Ambrosium
