3562 5582
535 207 709 274 tutusrru
730 209 862 282 x'erJx
882 209 1153 278 EliUDlTlSSlllO
1193 273 1196 280 .

739 387 741 392 .
784 333 897 403 VIRO

404 452 1279 535 JOANNIGRAMMIO

176 523 321 628 YOZb
619 597 774 656 Potentiss.
795 601 950 658 Dennrum
972 601 1061 678 Regis

165 669 267 768 fta
436 723 452 760 a
475 704 627 776 eoseum,
649 704 827 780 tabulisque
848 706 978 764 rustica
998 717 1027 764 er
1048 707 1246 766 arenosam:

519 812 697 870 Graecarum
718 811 880 870 litterarum
900 813 1023 872 Ductori
1045 815 1167 872 Publice

531 919 733 978 Celeberrimo
755 920 786 978 in
807 919 965 979 Academia
987 919 1155 992 Hainiensi,

499 1230 573 1310 JO.
604 1118 886 1312 ALBERTsl'iIg
907 1231 1185 1312 FABRICIUS

166 1359 283 1478 Nolui
304 1416 514 1490 committere,
545 1417 598 1476 Vir
632 1418 859 1496 insignissime,
891 1427 926 1482 ιιι
979 1436 1010 1478 ιο
1031 1424 1076 1478 ιοι
1097 1417 1259 1496 praeclaris
1284 1417 1515 1480 benevolentiae

163 1499 244 1558 Tuae
267 1501 295 1558 in
319 1512 368 1556 mc
389 1495 566 1557 muneribus
596 1503 689 1570 atque
724 1499 921 1562 humanitatis
951 1437 1143 1560 ‹iocumcntis
1175 1514 1234 1558 non
1266 1498 1384 1578 aliquod
1413 1505 1514 1558 exsta-

163 1585 210 1636 ret
232 1577 383 1655 publicum
403 1593 488 1636 meae
519 1577 549 1635 in
580 1577 623 1636 Te
656 1577 865 1642 observantiae
887 1581 1114 1654 testimonium,
1136 1579 1306 1656 pignusque
1334 1579 1425 1638 animi
1457 1580 1516 1639 mei

165 1658 274 1718 Virtuti
307 1659 389 1718 Tuae
421 1663 512 1734 atque
546 1659 697 1717 constanti
729 1665 760 1718 et
790 1659 973 1721 dexterrimo
994 1658 1087 1719 bonae
1119 1659 1235 1720 litteras
1261 1657 1387 1736 juvandi
1420 1657 1518 1719 studio

162 1735 351 1797 deditissimi.
386 1734 449 1796 Non
484 1743 576 1814 sunt,
608 1737 701 1798 lateor
732 1739 938 1817 obscuriorum
971 1747 1141 1817 temporum
1177 1741 1357 1817 scriptores,
1379 1754 1455 1816 quos
1483 1740 1513 1798 in

164 1817 222 1877 boc
242 1833 333 1896 opere
354 1816 557 1877 recensendos
590 1817 663 1878 mibi
696 1822 811 1894 sumsi,
843 1823 883 1880 ita
917 1821 1052 1898 plerique
1073 1821 1257 1896 comparati,
1289 1825 1324 1880 ut
1353 1819 1517 1879 accuratis-

163 1898 258 1958 simae
278 1903 370 1975 atque
396 1897 583 1959 cultissimus
613 1897 767 1959 doctrinae
801 1901 870 1960 Viro
901 1901 1000 1962 ouerrt
1031 1906 1223 1959 mereantur:
1255 1899 1300 1959 Ea
1333 1903 1434 1959 tamen
1467 1905 1516 1958 est

163 1976 342 2037 eruditionis
367 1979 449 2038 Tuae
480 1979 563 2037 utilis
594 1995 629 2038 ac
662 1977 847 2040 delectabilis
867 1977 1034 2059 amplitudo
1066 1986 1098 2040 et
1130 1977 1348 2056 intelligentia,
1380 1985 1416 2038 ιιι
1446 1976 1517 2037 cali-

162 2057 262 2134 ginem
295 2058 386 2116 etiam
432 2055 547 2117 mediae
575 2063 606 2117 et
638 2058 757 2119 intimae
789 2064 896 2120 aetatis
928 2058 1068 2120 tenebras
1103 2057 1228 2118 feliciter
1263 2057 1382 2117 honesti
1424 2062 1515 2134 atque

155 2137 279 2196 amoeni
301 2142 442 2214 penetres
474 2138 583 2210 ingenii
614 2137 669 2197 Tui
702 2138 836 2215 lumine,
868 2139 1070 2219 pulchrasque
1104 2144 1135 2197 et
1161 2144 1300 2215 spectatu
1331 2137 1438 2216 dignas
1459 2135 1510 2196 do-

164 2217 279 2276 ctrinae
314 2216 460 2292 imagines
497 2215 647 2277 illustrare
689 2217 808 2278 illarum
849 2235 908 2298 quo
932 2235 969 2280 ue
999 2216 1182 2278 adminiculo
1218 2225 1249 2278 et
1285 2218 1392 2278 umbra
1427 2215 1514 2276 docte

163 2296 293 2356 noveris.
315 2294 440 2358 Confido
462 2297 563 2374 itaque
585 2295 715 2357 laborem
738 2315 839 2358 meum
860 2237 1104 2378 quiiemcunque
1126 2298 1218 2358 etiarn
1249 2298 1280 2356 in
1314 2298 1362 2358 bis
1388 2295 1426 2356 ad
1448 2300 1514 2356 stu-

162 2375 315 2437 diosorum
343 2392 419 2437 usus
449 2375 648 2452 collocatum,
680 2393 739 2437 ron
771 2381 894 2439 omnino
914 2378 1137 2455 displiciturum
1169 2377 1313 2454 aequitati
1345 2377 1446 2448 Tuae,
1479 2390 1514 2435 ac

165 2455 273 2516 saltem
297 2455 453 2534 probatum
487 2455 521 2514 iri
554 2473 654 2516 meum
688 2457 765 2518 hanc
795 2459 858 2519 Tibi
886 2465 1003 2537 partem
1035 2457 1117 2519 illius
1147 2472 1324 2518 consecrem
1356 2455 1514 2535 gestientis

160 2538 316 2610 animum,
338 2538 389 2613 qui
413 2536 485 2596 nibil
509 2539 603 2614 magis
625 2536 739 2613 refugio
759 2556 851 2618 quam
884 2541 1020 2616 ingratus
1041 2537 1135 2597 videri
1157 2535 1307 2597 adversus
1328 2541 1389 2596 tam
1412 2534 1506 2595 multa

161 2621 253 2692 atquc
275 2617 427 2693 exquisita
449 2616 621 2676 testimonia
644 2617 808 2678 voluntatis
829 2621 859 2678 in
881 2634 930 2679 me
952 2617 1053 2677 Tuae:
1085 2623 1116 2675 et
1143 2615 1215 2675 nibil
1246 2615 1384 2676 desidero
1416 2615 1511 2751 magis

165 2711 256 2774 quam
278 2703 313 2755 ut
333 2697 426 2757 amori
447 2711 536 2775 porro
557 2713 605 2755 me
626 2697 689 2756 Tuo
720 2705 755 2758 ut
784 2699 884 2770 soles,
905 2696 1038 2772 digneris
1060 2695 1170 2755 habere
1196 2711 1288 2772 quam
1319 2709 1455 2755 commen
1478 2709 1511 2754 a·

161 2775 325 2837 tissimum.
347 2776 447 2838 DEUS
462 2783 509 2837 ter
525 2777 666 2853 Optimus
683 2779 831 2839 llaximus
847 2777 899 2838 diu
917 2778 959 2838 Te
975 2775 1076 2837 valere
1093 2781 1125 2834 et
1142 2775 1260 2836 laetum‘
1274 2777 1378 2836 vivere
1396 2771 1511 2850 jubeat,

536 2856 692 2917 literarum
715 2856 896 2936 praesidium
918 2863 1008 2935 atque
1028 2853 1131 2916 decus.

168 2989 282 3068 Scripsi
302 2989 465 3069 llamburgi
486 2989 535 3051 IV.
556 2987 599 3050 ld.
621 2987 772 3068 spritu.
794 2989 828 3051 G.
849 2991 899 3055 clo
915 2991 946 3055 lo
961 3001 1007 3050 ce.
1025 3003 1120 3049 xxxv.

696 3301 748 3361 Ab
769 3300 974 3364 LECTOREM

162 3399 263 3522 Octo
280 3460 339 3533 jam
358 3457 468 3515 litteras
488 3459 633 3534 primores
654 3459 853 3518 bibliothecae
872 3463 977 3537 hujus,
997 3465 1058 3522 sive
1071 3459 1170 3519 Lexici
1184 3457 1424 3530 bibliothecarii,
1440 3477 1510 3533 pro·

158 3539 273 3616 ssigntns
293 3557 363 3597 esse.
375 3537 462 3594 video
477 3579 485 3606 ,
503 3551 532 3594 et
553 3537 674 3614 gaudeo
695 3559 748 3615 per
769 3540 833 3599 illas
853 3542 1009 3602 dimidiam
1031 3545 1092 3601 fere
1107 3538 1366 3616 pertemjopernsi
1389 3538 1508 3611 -bujus,

160 3619 243 3695 qnod
263 3620 334 3676 mihi
357 3617 503 3693 imposui,
524 3619 623 3675 oneris
640 3637 690 3675 sen
708 3623 807 3694 operis
837 3641 885 3680 me
913 3623 974 3698 jam
995 3622 1162 3682 absolvisse.
1182 3621 1285 3694 Neque
1305 3629 1421 3690 tamen,
1442 3635 1508 3674 cnm

160 3699 216 3756 tria
233 3699 294 3773 jam
316 3699 394 3756 illins
414 3699 595 3755 excreverint
615 3699 772 3758 Volumina
787 3740 796 3771 ,
812 3714 886 3775 puto
906 3705 937 3761 in
959 3703 1061 3761 alienis
1088 3702 1133 3758 rel
1160 3699 1312 3756 inutilibus
1329 3701 1420 3756 lusam
1439 3715 1510 3772 ope·

160 3797 247 3846 ram,
268 3793 320 3836 ant
340 3777 377 3834 de
397 3788 570 3834 excurrente
590 3779 758 3852 prolixitate
778 3784 980 3857 conquerendi
995 3801 1111 3841 cauum
1126 3779 1225 3856 aequis
1238 3778 1397 3836 lectoribus
1414 3777 1509 3835 datam

160 3878 245 3916 ame
265 3859 375 3916 fuisset
397 3857 469 3931 quin
490 3858 527 3913 ab
548 3858 707 3930 omnibus,
737 3859 790 3934 qui
816 3864 1042 3939 amplitudinem
1075 3860 1241 3938 argumenti
1271 3869 1299 3915 et
1330 3861 1508 3934 scriptorum

161 3939 233 3995 milri
253 3938 445 3996 dicendorum
466 3937 684 3994 multitudinem
704 3951 755 3996 nut
771 3943 940 4001 varietatem
955 3943 1123 4020 intelligunt
1138 3939 1346 4016 rogitantque,
1362 3957 1447 4014 spero
1463 3953 1510 3992 me

160 4020 218 4076 bne
238 4027 511 4093 conmutatum,
530 4029 564 4074 ut
583 4017 665 4092 quod
685 4019 722 4077 de
740 4021 969 4094 immoderatius,
987 4035 1103 4080 extensa
1119 4021 1235 4079 actione
1251 4035 1302 4075 sua
1319 4017 1508 4093 promittebat

163 4098 219 4156 sibi
240 4097 353 4156 Plinius
372 4099 404 4168 *‚
423 4094 542 4177 possint
562 4112 608 4156 ms
627 4095 661 4157 in
681 4099 880 4163 universitate
900 4101 1120 4182 longissimum,
1134 4095 1343 4160 remesinum
1359 4097 1394 4156 in
1408 4093 1507 4176 porti·

162 4175 217 4236 buc
228 4177 382 4257 judicare.
399 4177 489 4249 Quod
512 4177 610 4252 itaque
631 4178 827 4239 detexendam
849 4181 944 4240 adhuc
965 4185 1038 4238 telae
1059 4180 1219 4257 praesentis
1247 4177 1318 4233 milti
1347 4188 1455 4245 restat,
1476 4185 1508 4230 ut

162 4257 295 4315 similiter
315 4259 466 4316 absolvere
485 4257 638 4332 proxime,
659 4259 732 4317 sicut
751 4281 817 4318 sum
834 4281 975 4334 exorsus,
995 4280 1029 4319 ac
1042 4260 1182 4336 perficere
1195 4258 1267 4315 milli
1284 4255 1377 4327 liceat,
1395 4253 1505 4329 Optimi

161 4336 298 4394 Numinis
319 4357 404 4413 opem
425 4336 667 4414 benignissimam
688 4339 793 4398 iterum
817 4342 982 4416 iterumque
1003 4342 1125 4416 supplex
1157 4339 1303 4416 imploro,
1333 4347 1362 4394 et
1389 4337 1505 4390 Tuam.

162 4419 291 4489 Lector,
311 4417 546 4476 benevolentiam
566 4437 600 4475 ac
620 4417 749 4478 savorem
767 4461 776 4492 ,
793 4421 1127 4497 hallucinationibnsque
1140 4419 1213 4478 meis
1229 4417 1344 4477 veniam
1361 4412 1506 4492 pudenter

675 4517 709 4558 ac
729 4500 858 4558 modeste
879 4511 993 4578 expeto.

244 4579 256 4604 ¹
277 4577 342 4634 Lib.
365 4579 416 4635 lx.
438 4575 529 4653 Epist.
552 4583 579 4644 4.
