3624 5600
734 121 749 180 l
764 119 792 182 Ο
805 123 832 182 l
846 121 871 182 ll
886 121 911 182 ll
927 123 953 182 E
968 121 988 182 S
1548 121 1608 186 llll

112 229 227 294 ensium
247 228 409 307 quodnon
433 228 523 290 liceat
545 228 697 322 appellare
718 217 740 288 a
757 228 835 290 Con·
887 227 1025 291 34444444
1045 243 1138 308 saper
1153 227 1335 310 quibusdam
1352 227 1605 308 propositionibus

112 325 180 386 cilio
201 321 238 384 sd
261 325 387 401 Papam:
413 322 524 382 Vanam.
537 320 631 401 super
648 321 833 384 4444444444
887 323 1050 402 44944444·
1069 321 1104 383 de
1125 326 1306 401 Romo-pag.
1332 323 1418 384 isos.
1441 323 1547 385 Oratio
1578 323 1609 384 in

112 416 193 497 quod
211 418 298 494 Papa
317 411 425 476 444444
435 415 550 493 jurare
568 431 696 478 seroare
711 414 832 476 44444444
888 416 1061 496 liopnntino
1098 421 1243 477 corruentis
1273 413 1405 489 liabitas
1427 429 1495 476 cnm
1531 421 1609 478 esset

112 511 148 572 dc
164 505 506 586 Conciiir'speneraiilnss
516 506 833 570 mntmuandisetele·
887 508 999 570 missus
1021 515 1127 570 orator
1150 525 1208 590 per
1239 510 1293 572 88.
1328 509 1418 568 nn.
1439 509 1608 588 Eupenirom

112 599 506 680 ctioniirns'confirmanrlis.,
520 599 601 663 aliar
616 599 742 662 cadola
757 602 833 681 jure
889 604 978 681 Papo
995 609 1018 662 t.
1039 605 1059 663 5
1080 621 1147 682 pag.
1169 604 1217 663 64.
1240 603 1289 664 65.
1309 603 1472 682 ilesporuio
1493 603 1526 664 in
1542 599 1610 662 irla-

53 771 58 780 ,
111 698 257 775 Populus.
279 693 439 773 Responsio
461 693 493 754 in
512 694 690 758 4444444444
710 693 753 756 ad
782 711 833 754 ca-
888 695 1043 776 spiremom
1061 701 1091 757 ct
1105 695 1286 776 sacrdepam
1303 695 1480 758 invectivam
1497 695 1539 756 ad
1555 697 1610 758 88.

111 805 215 851 mmm
237 786 493 850 concinnationis
512 787 756 868 Cortprepaiianis
775 789 834 848 iic·
889 790 1037 851 0444444
1051 789 1243 869 justissimae
1257 787 1508 854 condemnationis
1522 787 1608 850 dam·

110 881 294 944 siieensr'um.
642 875 643 880 ’
807 917 810 924 .
887 882 1065 946 notissimae
1086 882 1324 962 cmprepationis
1344 882 1524 944 Basiiecnsr's
1549 880 1607 944 ool-

151 976 284 1039 Callecta
307 980 442 1052 tempore
462 975 590 1052 Eugenii
609 976 656 1036 lv.
674 993 767 1053 super
781 991 834 1052 pe-
889 975 965 1038 lecta
988 993 1047 1057 per
1066 978 1102 1036 n.
1129 975 1222 1038 Carti
1244 977 1275 1038 S.
1297 975 1383 1038 84444
1404 981 1535 1055 tompore
1555 977 1610 1038 88.

109 1072 216 1130 titione
237 1069 326 1148 Regis
347 1068 489 1128 84444444
503 1065 636 1130 melna
651 1066 832 1128 444444444-
887 1071 923 1130 n.
946 1071 985 1132 N.
1007 1071 1136 1148 iiupenii
1156 1073 1257 1151 Papae
1277 1071 1327 1132 IV.
1349 1067 1608 1150 superpositione

111 1160 287 1224 lebraretur
304 1159 445 1239 penerale
466 1157 640 1222 Concilium.
887 1165 970 1224 44444.
995 1163 1084 1244 ilepis
1104 1164 1272 1240 Froncr'ae,
1302 1169 1337 1225 ul
1366 1160 1453 1224 alind
1466 1191 1472 1204 ·
1487 1163 1610 1224 tertium

151 1252 336 1334 444-44444444,
358 1269 427 1314 cnm
460 1259 543 1314 esset
572 1255 680 1316 Orator
703 1255 830 1333 Eugenii
886 1255 1096 1319 celebraretur
1112 1255 1285 1321 4444444444
1300 1255 1476 1319 Concilium.
1493 1275 1521 1335 p.
1537 1258 1608 1319 835.

110 1350 158 1410 lv.
174 1347 211 1410 ad
229 1346 342 1408 44444444
363 1347 587 1423 moguntinam,
607 1346 833 1428 superjustitia
927 1352 1045 1413 inllibl.
1058 1353 1204 1412 Vaticana
1219 1357 1323 1412 extare
1349 1349 1503 1430 epistolam
1514 1347 1611 1411 Card.

110 1437 319 1502 cunctationis
329 1436 831 1517 Canitideflasiiealierrariom,
886 1445 917 1506 8.
934 1442 1028 1506 8444
1052 1443 1095 1504 ad
1125 1443 1294 1522 iinpenium
1314 1443 1359 1504 iV
1383 1441 1607 1504 eccorlatoriam
1696 1479 1698 1484 .
1806 1451 1807 1458 ’

110 1541 140 1596 44
163 1533 282 1594 44444444
299 1531 336 1592 444
352 1531 504 1594 Ferraria
518 1532 550 1592 in
565 1531 758 1596 Florentiam.
889 1552 982 1616 snper
1003 1535 1194 1610 dissolutione
1216 1537 1304 1598 Cone.
1326 1533 1506 1597 Basileensr's
1527 1541 1612 1596 notat

152 1628 312 1688 74444444
328 1629 433 1687 contra
454 1625 638 1706 Madiaaitas
658 1625 832 1690 ellsmatli·
887 1631 918 1690 P.
941 1629 1133 1691 liontiaucon
1155 1630 1186 1690 iu
1208 1629 1451 1698 aretinense
1471 1645 1500 1707 p.
1525 1628 1591 1689 444.

108 1719 363 1782 anniversarios
373 1724 406 1780 44
415 1718 829 1794 detrectatorestudaeorum,
929 1724 962 1781 ln
984 1722 1094 1785 Codice
1127 1723 1187 1783 ils.
1210 1721 1412 1784 Bibliothecae
1433 1723 1612 1784 canonicor.

105 1813 145 1874 ab
166 1813 372 1874 Ecclesisrum
393 1812 528 1890 collegiis
554 1809 695 1876 44444444
728 1829 833 1892 proge-
887 1813 990 1892 majam
1012 1815 1092 1876 Eccl.
1111 1817 1281 1892 Lucensis,
1300 1814 1383 1876 unde
1399 1821 1519 1876 caetera
1537 1817 1613 1876 Tur·

107 1909 191 1968 niem
213 1921 334 1966 omnem
355 1921 393 1966 ex
416 1907 510 1984 stirpe
542 1907 644 1985 populi
676 1907 832 1968 israelitici
888 1915 1076 1970 recrematac
1108 1909 1192 1982 erui,
1216 1914 1303 1970 extat
1324 1907 1450 1988 insuper
1480 1909 1613 1986 4444444-

106 1996 357 2060 descendentem.
466 2039 468 2044 .
891 2001 938 2061 sio
959 1998 1093 2066 ee'rosdem
1115 1999 1156 2060 ad
1173 1999 1383 2086 4444444444
1409 1996 1475 2066 4444Ι
1500 1997 1613 2080 [nomm

148 2089 639 2173 ilepetinonesraperqoionsdom
651 2089 835 2156 AUGUSTI·
883 2109 942 2173 per
963 2094 1027 2154 lin..
1053 2090 1126 2154 Orci.
1148 2095 1180 2155 8.
1208 2093 1375 2172 Bnpittae,
1399 2109 1471 2154 oum
1493 2093 1610 2156 seilicet

105 2187 146 2247 Nl
168 2184 205 2246 ee
222 2187 317 2248 iionra
332 2181 594 2264 propositionibus.
887 2187 995 2248 iratres
1024 2188 1129 2263 quiin
1159 2185 1340 2249 diaconatus
1370 2186 1469 2248 officio
1500 2187 1612 2266 recepti

148 2277 167 2314 '¹
186 2279 347 2340 Tractatus
378 2277 416 2338 de
441 2293 524 2357 opaea
555 2274 709 2340 4444444444
743 2277 833 2338 editio
888 2285 983 2353 sunt,
1004 2278 1135 2340 debeant
1166 2279 1264 2342 lacum
1287 2285 1390 2340 tenera
1412 2281 1491 2342 inter
1512 2295 1612 2343 sacer·

107 2373 207 2452 prtum
226 2371 365 2432 44444444
385 2377 434 2432 ast
454 2371 511 2434 An.
536 2370 625 2434 4475.
646 2371 762 2449 absque
780 2388 835 2432 no·
887 2372 974 2433 dates
997 2369 1142 2435 tredecim
1160 2370 1249 2448 justa
1272 2373 1406 2450 44444444
1422 2372 1611 2444 destinatos;

108 2468 193 2526 mine
214 2465 291 2538 loci,
310 2463 363 2526 sed
377 2471 419 2526 'ex
442 2466 562 2526 nomine
583 2467 774 2544 impresseris
787 2469 833 2528 in·
888 2465 935 2528 rel
959 2465 1037 2528 inira
1057 2465 1133 2527 alias
1156 2465 1330 2529 sacerdotes
1347 2473 1471 2545 praeter
1495 2465 1613 2544 praedi-

108 2560 277 2638 telligimus
299 2557 447 2637 prodiisse
466 2559 597 2634 Itomae3
614 2565 664 2624 est
684 2561 765 2620 enim
782 2559 832 2622 ille
886 2565 953 2620 ctos
974 2559 1156 2622 Sacerdotes
1187 2559 1332 2623 tredecim
1366 2559 1535 2622 secundum
1557 2561 1612 2622 Or·

106 2649 507 2732 iiapitteriiartltolomaens
521 2647 832 2714 GnldinbelrcleSnlts
886 2651 989 2714 dinem
1010 2653 1176 2730 temporis,
1198 2669 1258 2729 quo
1280 2656 1392 2729 recepti
1414 2658 1489 2714 snat
1505 2653 1535 2712 in
1551 2654 1612 2713 llo·

104 2749 253 2824 repenarde
273 2745 363 2806 84444
383 2744 429 2806 ii'
448 2745 531 2804 Pani.
554 2761 639 2808 man.
657 2743 785 2806 an.eins
802 2746 831 2822 V,
890 2743 1074 2806 austerio*
1197 2761 1200 2774 ·

151 2841 327 2900 Tractatum
359 2843 466 2898 contra
495 2838 715 2900 avr'samenlom
746 2836 832 2900 Basi-
928 2835 1098 2898 lOltNNES
1118 2834 1155 2897 de
1180 2833 1278 2898 Volcis
1292 2837 1410 2916 443444
1426 2836 1489 2896 ord.
1505 2838 1612 2898 4444444.

4 2951 5 2972 ³
110 2931 276 3007 4444444444,
298 2929 379 3011 quod
408 2947 466 2992 non
495 2928 584 2992 44444
611 2929 766 3012 appellare
795 2929 832 2992 de
888 2945 947 2992 non
969 2927 1112 2992 diversus
1132 2931 1278 2992 aloonne
1295 2930 1419 2992 0444444
1436 2932 1502 2990 sire
1519 2929 1611 2992 Gral-

4 3043 5 3110 l
109 3024 245 3090 Concilio
265 3023 307 3086 acl
324 3027 457 3105 Papam,
475 3041 512 3084 ax
535 3025 595 3088 tls.
613 3027 739 3088 Lunensi
759 3023 830 3088 Cod.
888 3023 965 3084 44444
985 3022 1024 3084 de
1045 3041 1106 3101 quo
1127 3039 1219 3102 snpra
1240 3023 1309 3086 363.
1330 3030 1363 3084 44
1383 3031 1406 3084 4.
1427 3025 1455 3085 3.
1477 3041 1505 3102 p.
1529 3023 1597 3084 403.

4 3127 5 3150 ³
106 3137 167 3199 ego
198 3122 227 3180 in
251 3135 318 3179 meo
339 3118 542 3182 Consiliorum
564 3119 778 3198 supplemento
807 3123 828 3178 t.
927 3116 1111 3180 loannes,
1132 3116 1169 3178 de
1193 3118 1359 3179 Varcennis
1378 3118 1487 3180 Ductor
1518 3118 1611 3178 Paris.

20 3245 29 3274 4
107 3215 159 3274 lV.
181 3212 323 3289 evulgavi
339 3225 410 3272 cum
429 3212 639 3290 sequentibus.
661 3213 764 3272 Votum
781 3225 833 3271 sn·
891 3213 998 3274 Pastor
1015 3212 1044 3272 ln
1062 3215 1174 3272 monte.
1185 3211 1216 3274 S.
1228 3213 1293 3272 Leti
1303 3212 1335 3273 in
1345 3210 1459 3272 diecesi
1471 3209 1612 3272 ilamensi

104 3322 168 3386 per·
187 3303 372 3368 4444444444
392 3303 465 3378 (vel
488 3303 599 3364 mellus
622 3302 736 3366 dixeris
761 3321 833 3365 con·
887 3305 1034 3366 Bonitaoii
1054 3305 1107 3366 lx.
1129 3306 1226 3383 Papae
1242 3303 1445 3383 Cappelta'nus
1462 3309 1495 3364 et
1508 3301 1612 3364 Palatii

109 3407 159 3459 tra
190 3395 434 3468 avisameotum)
457 3394 537 3474 qnod
557 3393 769 3478 Papa-debeat
779 3398 834 3477 jn·
886 3397 1051 3478 4444444444
1073 3395 1220 3469 Auditor,
1241 3395 1332 3474 enjus
1350 3393 1555 3475 responsiones
1569 3393 1612 3456 all

109 3505 334 3552 rare·seroore
353 3485 474 3548 4444444
494 3484 539 3550 de·
554 3487 695 3551 Camillis
705 3505 833 3567 penora—
889 3489 991 3573 capita
1011 3489 1132 3551 xcvii.
1157 3489 1385 3550 accusationum
1404 3487 1551 3550 Gnidonis
1574 3489 1613 3552 de

110 3582 193 3646 4644
214 3579 441 3656 manumetis,
463 3586 492 3642 ct
510 3579 702 3644 4444444444
724 3583 833 3662 confir·
888 3585 970 3661 tloya
987 3581 1157 3662 4444444ρί4.
1175 3585 1335 3647 4444444444
1351 3583 1387 3644 Α.
1400 3583 1488 3644 lasa.
1500 3584 1612 3662 scripta

78 3686 88 3708 ·
110 3675 233 3738 manda
252 3673 333 3738 4444
354 3674 476 3738 cadmei
490 3691 511 3736 4
520 3676 596 3754 jure
616 3677 745 3755 Papatus
766 3692 832 3754 pag.
891 3679 921 3737 in
945 3678 1093 3751 camere,
1114 3677 1258 3756 teguntur
1276 3677 1497 3740 intertornata
1513 3676 1612 3755 Opera

4 3775 5 3784 ’
110 3771 182 3831 los.
219 3769 376 3830 tractatus
407 3766 438 3828 in
468 3765 605 3847 taonem
634 3767 765 3847 Eupenii
792 3769 837 3830 iV
889 3773 991 3835 tomi
1013 3769 1086 3832 edil.
1103 3761 1200 3832 novae
1217 3785 1284 3849 pag.
1302 3771 1447 3834 eoa-ott.
1463 3767 1614 3852 spatum

111 3865 229 3928 Contra
259 3859 381 3922 decreto
413 3859 540 3922 Caecilii
578 3859 833 3936 Constontiensis,
894 3865 923 3924 V.
945 3861 987 3924 aa
1006 3861 1198 3926 sennenn
1219 3863 1302 3933 ltili.
1323 3862 1360 3924 de
1380 3861 1613 3924 4444444444ὴί4-

110 3963 141 4018 et
162 3957 277 4030 Contra
305 3958 391 4033 perta
412 3953 445 4012 in
475 3953 564 4014 Conc.
590 3951 757 4016 Bosiieensi
780 3953 831 4024 444
889 3959 988 4028 male,
1010 3971 1080 4017 cnm
1110 3955 1264 4016 8444444444
1295 3953 1541 4033 responsionibus
1571 3952 1611 4012 id.

110 4067 220 4112 4444444
242 4047 410 4126 liopertum
433 4059 505 4124 pag.
540 4045 608 4108 746.
640 4043 839 4125 0444444444
890 4047 1093 4127 tomtpag.
1118 4047 1552 4112 natantianatantia.
1581 4053 1613 4106 44

113 4139 305 4226 pamniam
313 4137 470 4205 44444444.
482 4135 709 4202 amentiorem
722 4141 754 4204 8.
764 4139 834 4200 Bir-
889 4145 977 4200 44444
993 4139 1031 4200 444
1043 4139 1221 4202 0444444444
1230 4155 1295 4218 pag.
1309 4140 1377 4200 864.
1388 4141 1473 4202 Vitae
1484 4141 1612 4200 4444444-

107 4237 203 4318 pittae
229 4232 269 4296 ab
299 4233 552 4296 obtmctatoribus
585 4233 765 4312 quibusdam
794 4233 833 4294 ad
889 4233 1070 4308 simoniis,
1088 4231 1224 4294 doctriua
1241 4239 1273 4294 44
1299 4232 1459 4312 prudentia
1484 4235 1611 4310 insignis

113 4333 207 4394 Cano.
227 4329 401 4392 Basileensc
422 4326 541 4388 delatis.
563 4341 629 4406 pag.
651 4329 721 4390 944.
742 4330 833 4388 Porro
889 4333 1015 4388 vocatur
1036 4323 1118 4403 apud
1139 4326 1348 4388 Froissardum
1370 4327 1419 4386 lv.
1441 4328 1489 4388 58.

112 4423 306 4485 detensiones
322 4423 396 4484 telae
412 4437 431 4482 a
448 4434 497 4480 me
514 4420 750 4500 primumdalae
761 4427 834 4482 sunl
928 4419 1101 4484 tonantis
1125 4421 1254 4482 Valaeus
1272 4423 1340 4482 slve
1358 4417 1467 4488 ii'nte,
1484 4419 1610 4500 Augias,

111 4533 181 4580 cum
205 4521 285 4578 444444
306 4529 401 4595 opera
414 4513 601 4591 8044344444
622 4516 742 4576 nonnisi
758 4517 835 4592 prio-
889 4513 1120 4577 Mathematicus
1135 4513 1225 4590 cnjus
1251 4510 1395 4574 Tabulam
1412 4511 1611 4593 insequatur-

113 4629 145 4673 ra
164 4612 263 4691 capita
278 4607 439 4686 Apologiae
459 4606 550 4668 huius
567 4607 666 4668 iucem
694 4607 834 4670 viderint.
889 4621 941 4668 nes
962 4605 1143 4679 domorum,
1164 4607 1253 4683 eique
1270 4605 1438 4684 praeiimm
1458 4604 1609 4667 Cononem

113 4701 309 4787 llepetiliones
331 4697 479 4780 quaedam
502 4698 595 4762 Carti.
613 4699 653 4762 de
675 4701 836 4760 74444444-
889 4699 993 4762 laudat
1014 4700 1165 4762 Lalandos
1179 4717 1245 4777 cap.
1262 4701 1378 4762 544444
1394 4717 1432 4762 ex
1450 4717 1486 4760 eo
1501 4699 1610 4762 4444444

112 4805 214 4878 mla,
236 4813 304 4858 eum
322 4798 400 4856 esset
418 4795 446 4853 44
464 4794 629 4858 minoribus
650 4799 835 4860 constitutus
890 4796 930 4856 Xl
953 4795 1002 4856 2⁷.
1025 4795 1145 4854 Pitseos
1170 4811 1237 4874 pag.
1259 4795 1328 4856 883.
