3562 5582
232 79 292 144 aas
829 45 1151 148 4444444444

233 189 264 250 in
290 193 466 268 leviticum,
488 209 565 274 qrcac
584 194 690 272 magno
711 205 835 252 4444444
855 189 954 252 curiis
1010 191 1097 256 Anno
1115 193 1193 256 list
1209 193 1247 256 ab
1263 194 1351 256 4454.
1375 195 1482 256 Exstat
1509 199 1579 262 inter
1602 201 1689 266 44444

233 286 263 348 in
282 285 472 349 bibliothecis
488 285 792 363 intentionaliter>
808 285 953 366 Hespcldc
1008 287 1176 368 Scriptores
1186 289 1330 350 Historiae
1340 287 1692 370 AngliounaeHogeratm-

233 380 347 443 Graece
360 396 490 461 nsquam
504 387 687 462 compareat.
871 411 872 418 .
1007 380 1103 444 sdeno
1116 389 1148 444 ot
1162 383 1277 444 loanne
1295 380 1422 444 Saldeno
1434 385 1600 446 cananeus
1612 388 1692 452 editas

271 473 486 537 HESYCHiUS
514 473 728 552 salonitanus,
751 477 781 535 in
808 475 954 538 Dalmatia
1010 473 1102 536 land.
1119 475 1197 538 4654
1215 475 1262 538 iol.
1278 474 1316 536 ad
1329 474 1443 537 csloem
1453 475 1692 544 8444440444-

229 569 407 648 Episcopus,
428 573 517 647 cuias
548 569 683 650 Epistola
711 587 772 632 una
790 569 831 632 44
852 570 955 649 Augu·
1008 569 1123 640 mensis
1148 575 1219 630 tom.
1250 570 1277 630 4.
1306 585 1371 647 pag.
1396 567 1545 632 semesi.
1561 573 1693 645 9444444444

114 662 121 676 “
231 658 345 724 sticum
359 669 390 722 et
405 662 484 723 duae
497 663 535 724 ad
553 681 625 725 eum
638 663 802 742 Augustini
820 669 953 738 exstant,
1007 662 1245 741 balaustium.
1263 666 1294 724 et
1312 663 1429 724 Piiseus
1445 661 1482 724 40
1501 663 1613 733 danum
1630 669 1693 730 4400

231 773 313 817 num.
338 753 387 816 78.
408 756 458 816 79.
480 757 527 817 80.
551 759 601 834 iia
624 775 702 818 aava
734 755 864 842 editions
886 756 953 818 497.
1008 755 1190 816 eitribuunt
1206 753 1437 836 Descriptionmn
1453 753 1647 833 8444440444,
1666 755 1696 820 t·-

232 851 290 912 i98
314 850 390 925 499.)
409 851 599 930 Augustinus
615 852 683 914 XX.
703 852 721 910 5
738 850 775 910 de
792 850 857 913 Giv.
873 852 951 912 DHl:
1009 843 1098 908 brem
1113 848 1149 909 cle
1161 847 1256 928 signis
1272 852 1303 908 et
1315 848 1448 912 Cometis.
1469 851 1551 910 Auno
1567 852 1638 915 4434
1651 867 1696 919 bec

229 941 364 1023 Epistola
385 958 476 1024 qnam
498 945 645 1026 rescripsi
659 941 701 1005 ad
718 941 824 1006 444444
846 961 954 1006 444444-
1009 943 1195 1026 possitquae
1213 940 1382 1004 4444444444.
1648 1003 1652 1011 ,

229 1036 298 1096 riae
313 1037 417 1097 virum
441 1036 622 1118 Hesychium
646 1037 838 1101 salonitanae
865 1037 953 1100 Urbis
1041 1032 1696 1116 4444444444444444444444444444444444444144444.

229 1129 428 1210 Episcopum,
453 1133 541 1212 cnjus
562 1131 713 1212 Epistolae
731 1131 838 1194 titnlrrs
856 1139 901 1194 est
917 1131 953 1194 dc
1045 1129 1174 1190 1040404
1199 1128 1629 1208 HlCKbEY'Aussusiissibffl,
1651 1132 1696 1192 Dr
1763 1197 1764 1216 ,

225 1223 284 1304 fine
307 1222 429 1285 saeculi.
456 1225 513 1286 Est
542 1226 591 1286 ilia
618 1227 715 1304 Epist.
745 1225 793 1286 80.
813 1227 855 1308 (in
874 1243 952 1289 nova
1006 1229 1073 1284 otor
1090 1223 1260 1302 Tbeologus
1277 1223 1398 1302 scripsit
1413 1227 1517 1286 contra
1531 1223 1698 1289 omnesbue

229 1315 359 1378 editione
375 1319 453 1388 499.)
468 1319 603 1398 Epistola
618 1323 714 1400 prima
730 1320 839 1381 Zosimi
856 1323 952 1400 Papae
1008 1318 1137 1391 reticos,
1167 1315 1377 1378 schismaticos
1394 1323 1425 1378 et
1445 1324 1640 1394 persecutores
1653 1316 1699 1378 Ha·

230 1409 268 1470 ad
286 1410 368 1471 buna
390 1411 575 1490 Hesychium
604 1412 674 1474 4444
702 1413 798 1475 444444
824 1411 953 1474 Honorio
1010 1409 1120 1470 4444444
1142 1413 1249 1488 ingens
1275 1409 1417 1472 volumen
1440 1412 1469 1470 in
1486 1416 1548 1472 tres
1563 1410 1700 1474 tomoedi·

230 1502 296 1564 Xli.
315 1511 346 1566 et
370 1503 538 1566 Theodosio
553 1506 633 1568 Vlil.
647 1505 757 1569 GOSS.
780 1507 836 1568 hnc
853 1507 952 1568 4444.
1009 1503 1195 1577 suthalan,
1217 1503 1265 1563 cui
1280 1502 1402 1568 44444444
1420 1502 1509 1566 iecit:
1524 1503 1700 1584 ceponium

231 1597 264 1659 G.
294 1599 361 1659 448.
388 1603 460 1658 toln.
487 1601 513 1660 4.
533 1599 690 1663 concilior.
720 1599 793 1660 edit.
810 1601 954 1661 Biniaoae
1008 1593 1169 1658 4444444444.
1188 1595 1304 1658 modat
1318 1595 1447 1660 boariae
1460 1596 1500 1660 ed
1516 1596 1570 1663 aa.
1584 1599 1662 1684 4445.
1675 1612 1698 1656 s.

230 1702 298 1770 pag.
317 1689 387 1756 744.
409 1691 455 1752 Ad
474 1691 556 1754 bunc
574 1693 759 1772 Hesychium
780 1699 904 1754 exstant
922 1691 952 1756 S.
1011 1689 1113 1752 LVlil.

236 1783 445 1864 carysostomi
459 1785 621 1866 Epistolae.
639 1787 744 1866 Neque
754 1785 836 1848 hunc
852 1788 955 1867 expia·
1048 1783 1258 1846 HlEHEHlAS
1272 1783 1393 1863 ludere,
1407 1783 1496 1864 44444
1513 1782 1701 1866 cmpedis
1763 1843 1764 1874 Ξ

231 1879 388 1940 nationum
406 1880 437 1940 in
454 1878 625 1943 leviticum
643 1882 839 1962 interpretem
856 1880 953 1942 videri
1010 1875 1175 1942 4444444444
1188 1874 1365 1940 mtabilinm
1376 1878 1700 1944 memomtsmdenrn
1762 1875 1764 1964 i

232 1978 333 2050 potest
349 1971 514 2052 probabile,
528 1975 581 2052 qui
609 1975 758 2052 Hesychia
782 1974 953 2054 Hierosoly·
1010 1971 1195 2034 Bibliotheca
1213 1973 1364 2036 sisaram
1381 1973 1470 2054 belgii
1487 1991 1557 2052 pag.
1576 1971 1637 2038 me.
1654 1985 1703 2035 444
1759 1987 1764 2070 ,¹

163 2057 166 2064 “
232 2067 346 2127 milano
373 2066 524 2144 antiquior
548 2081 608 2127 non
630 2083 697 2128 4444
716 2067 808 2130 verba
822 2069 852 2130 S.
872 2070 953 2132 Scri·
1008 2065 1150 2128 diversus
1167 2067 1205 2130 ab
1222 2067 1347 2128 44444444
1365 2064 1546 2130 HiEliEHiii
1560 2061 1715 2134 Paduam..
1763 2079 1764 2086 ¹

228 2166 335 2240 pturae
350 2174 388 2220 44
406 2159 579 2238 Hieronymi
607 2162 746 2222 versione
767 2159 950 2240 adscripsit,
1008 2163 1074 2222 siva
1100 2161 1284 2224 HiEHEHid
1304 2163 1497 2239 Honiapuono
1521 2155 1702 2228 444444444-
1763 2157 1764 2170 ’

228 2267 306 2332 qaae
322 2251 364 2312 iiii
378 2255 483 2312 metro
512 2249 689 2324 tanslatio,
701 2266 849 2334 maescns
871 2261 954 2316 4444
1011 2254 1146 2330 molem,
1164 2271 1256 2334 quem
1270 2255 1404 2317 iadicem
1422 2255 1596 2318 Patavinuro
1604 2249 1703 2314 444444
1762 2317 1764 2350 ι

228 2343 317 2408 elatio
333 2345 511 2425 appellatur.
529 2343 837 2408 Conierliichardum
856 2347 953 2410 84444-
1007 2348 1228 2423 84444444444,
1245 2349 1423 2410 4444444444
1448 2345 1505 2410 sn.
1532 2346 1606 2410 4300
1626 2351 1701 2404 etex

228 2453 299 2500 near
317 2436 500 2501 incensare
517 2437 717 2500 sibiiomecae
734 2441 860 2503 Divinae
885 2441 953 2503 Hie-
1009 2441 1187 2528 Saardeanio
1206 2443 1346 2505 Nicotaus
1362 2443 1533 2504 comnenus
1546 2436 1700 2518 Papelopoii
1763 2459 1764 2504 i

228 2533 427 2610 ranpmianae
444 2531 557 2592 Gallice
580 2532 661 2594 edita
675 2549 741 2613 pag.
761 2535 800 2596 35
822 2551 885 2614 seq.
905 2533 954 2596 40.
1008 2539 1080 2596 tom.
1100 2534 1276 2596 Hbistoriae
1296 2533 1453 2612 Gymnasii
1464 2534 1594 2596 Patavini
1608 2547 1667 2610 pag.
1678 2530 1700 2591 4.
1762 2515 1764 2544 ¹

228 2643 292 2706 seq.
303 2632 335 2687 et
352 2628 381 2686 in
398 2625 540 2704 Epistoiis
554 2627 673 2690 criticis
690 2643 757 2705 pag.
776 2627 823 2687 69.
842 2645 905 2708 seq.
921 2638 958 2704 et,
1009 2625 1093 2688 idem
1109 2626 1329 2706 compendium
1345 2632 1529 2704 4444444444
1545 2623 1622 2706 apud
1642 2625 1703 2687 844
1763 2643 1764 2680 1

228 2727 299 2780 tom.
318 2721 345 2780 l.
361 2719 498 2780 Bibliotb.
517 2721 644 2782 criticae
659 2737 725 2800 pag.
739 2723 778 2783 56
792 2728 824 2782 44
838 2723 953 2784 incen-
1007 2721 1113 2782 derum
1145 2737 1211 2800 pag.
1236 2722 1293 2782 499
1318 2721 1368 2784 ubi
1394 2713 1703 2788 malelliernnbrle
1761 2681 1764 2804 i

226 2830 297 2874 sura
328 2813 464 2874 nibiiocn.
497 2813 729 2876 Ecclesiasticae
762 2815 951 2895 Dupinianac
1007 2813 1222 2894 Nonrmnpione
1245 2815 1432 2894 appellatore
1452 2814 1500 2876 ilie
1525 2830 1594 2874 vero
1616 2815 1701 2874 amici
1763 2815 1764 2820 ’

227 2913 300 2967 tom.
318 2908 345 2982 i,
362 2923 429 2986 pag.
449 2907 500 2968 464
522 2923 585 2986 seq.
604 2907 789 2970 Salmasium
806 2907 844 2969 de
869 2915 952 2971 tran·
1006 2907 1106 2968 editus
1123 2908 1337 2982 iiber,Nicoiae
1355 2909 1506 2974 damnem
1516 2907 1700 2987 iudicemur
1763 2927 1764 2974 3

227 3000 479 3061 substantiatione
496 3016 561 3080 pag.
586 2998 634 3062 57.
652 3001 740 3062 Edm.
760 2999 949 3064 libertinum
1005 3000 1067 3062 tilis
1085 3001 1252 3082 inscriptus
1268 3002 1401 3082 Epitonrs
1416 3001 1592 3083 Sapientiae
1614 2999 1699 3064 Gobii

112 3157 113 3162 ,
227 3091 265 3154 44
288 3093 318 3155 S.
344 3091 535 3155 Eucharistia
557 3110 624 3172 pag.
649 3091 717 3155 847.
744 3093 896 3156 babbeum
912 3095 949 3156 de
1003 3097 1428 3180 netexasrpta,ooiiecieque
1444 3111 1479 3158 ac
1495 3095 1699 3174 incapitaope

226 3187 424 3264 scriptoribus
435 3186 659 3248 Ecclesiasticis
670 3194 742 3248 tom.
761 3187 788 3264 i,
802 3205 867 3268 pag.
879 3187 947 3250 633.
1003 3203 1070 3247 4444
1086 3186 1204 3267 digesta
1216 3225 1223 3264 ,
1237 3206 1317 3268 quoe
1343 3207 1381 3252 ex
1408 3189 1544 3268 plausibus
1567 3187 1698 3265 excerpsit

226 3279 361 3340 Natalem
378 3278 462 3342 Ales.
481 3281 548 3343 Sec.
563 3281 597 3352 V.
614 3297 681 3360 pag.
702 3281 768 3343 436.
791 3282 947 3345 Uenerium
1002 3281 1195 3360 scriptoribus
1209 3325 1217 3357 ,
1233 3281 1334 3359 diota,
1351 3277 1698 3363 examinatissima

148 3437 153 3448 ,
227 3372 308 3450 apud
324 3374 474 3450 caveum,
492 3380 523 3435 et
540 3372 706 3436 Antonium
726 3374 894 3438 Arnaldunr
917 3378 947 3436 in
1002 3389 1067 3438 rem
1085 3377 1229 3438 moralem
1247 3379 1437 3456 pertinentia.
1453 3379 1564 3438 Lucem
1574 3374 1643 3436 vidit
1653 3373 1698 3434 ie

228 3467 339 3544 scripto
367 3466 497 3527 Gallico:
513 3465 667 3528 Tradition
688 3468 725 3528 de
743 3465 868 3547 i'Egiise
883 3475 950 3531 tou·
1002 3470 1092 3529 ostiis
1109 3469 1187 3532 4505
1203 3470 1230 3531 4.
1244 3469 1317 3534 Vide
1330 3470 1415 3536 Nioh.
1428 3469 1571 3531 Naittaire
1581 3465 1695 3530 4444444

227 3555 320 3618 ebant
333 3557 545 3620 i'Eucharistie
562 3567 634 3620 tom.
648 3558 675 3619 i.
692 3559 730 3620 de
743 3561 770 3622 la
781 3563 949 3640 perpetuite
1003 3563 1180 3642 typograpb.
1199 3571 1271 3626 4444.
1284 3564 1318 3632 H.
1336 3581 1402 3644 pag.
1420 3563 1487 3626 454.
1504 3560 1636 3627 Eundem
1659 3557 1699 3618 H'r

227 3649 265 3712 de
282 3649 311 3711 la
330 3651 380 3728 loy
396 3663 462 3729 pag.
481 3651 530 3713 44.
549 3669 613 3731 seq.
1002 3655 1128 3718 reminas
1144 3655 1313 3735 quoquerie
1330 3652 1507 3719 aesuriem
1524 3650 1698 3717 4444444444
1760 3707 1762 3720 .

262 3742 947 3826 flbtsfflcaspupra,Etflsaiiistsp.523
1002 3750 1032 3806 et
1046 3743 1133 3810 libris
1147 3763 1252 3810 eorum
1265 3749 1423 3828 scripsisse
1438 3755 1588 3816 4444444444
1600 3745 1697 3809 Getae

265 3831 440 3902 HETTlllS,
451 3853 489 3900 ex
516 3837 632 3900 Abbate
652 3839 871 3921 Epternacensi
891 3841 949 3903 Ar·
1001 3857 1055 3902 rus
1072 3841 1101 3902 in
1118 3843 1284 3922 appendice
1296 3841 1334 3907 ed
1345 3841 1481 3905 biblioth.
1494 3849 1527 3904 et
1540 3855 1576 3906 ex
1588 3855 1623 3904 oe
1635 3839 1699 3901 sin»

162 3981 163 3984 .
224 3929 433 4011 chiepiscopus
453 3933 662 4009 Trevirensis,
683 3950 794 4012 supra,
824 3935 946 3998 Hectus.
1002 3935 1085 3998 ierus
1102 3935 1222 4014 aliique.

224 4043 292 4106 pag.
310 4027 384 4090 482.
489 4033 491 4039 “
774 4083 776 4088 .
847 4075 848 4084 .
1045 4025 1256 4092 iilEHONYHl
1276 4025 1447 4102 AEmilioni‚
1468 4029 1581 4092 Patritii
1606 4022 1696 4088 Veneti

264 4121 394 4182 4444440
409 4135 448 4182 ex
470 4121 614 4199 augiensi
637 4121 752 4184 Abbate
779 4125 946 4202 Episcopus
999 4122 1246 4202 congregacionis
1263 4122 1443 4185 Cierioorum
1458 4117 1697 4202 Heguleriomso

223 4210 415 4288 basileensis,
426 4213 496 4275 vide
514 4222 606 4292 supra
624 4213 715 4276 Hatto
731 4233 798 4296 pag.
816 4218 881 4278 484.
892 4216 945 4278 Hic
1000 4215 1141 4280 mesaliae
1162 4229 1192 4275 m
1209 4232 1280 4294 agro
1305 4217 1494 4294 targonensi
1512 4215 1695 4282 institutorius

226 4323 245 4368 4
260 4304 370 4386 Gangis
388 4307 466 4370 male
483 4307 614 4370 traditur
640 4309 754 4370 vixisse
771 4307 859 4372 Anno
876 4309 944 4372 944.
997 4310 1049 4387 qui
1067 4307 1123 4372 aa.
1143 4310 1222 4372 4537
1239 4310 1326 4383 obiit,
1342 4311 1405 4370 vite
1431 4310 1541 4388 scripta
1557 4307 1642 4386 libris
1655 4303 1695 4364 li.

226 4413 297 4460 nam
311 4399 391 4462 diem
407 4402 479 4465 obiit
495 4400 554 4464 44.
572 4401 641 4464 836.
688 4449 691 4454 .
995 4402 1035 4464 ab
1045 4399 1696 4484 aegusamtorcamcongrsgmioaiscree

266 4491 396 4554 4444444
411 4494 587 4568 4484444444,
605 4495 690 4556 Prior
706 4494 944 4573 Hagbulstaden-
995 4497 1090 4574 posito
1114 4495 1254 4562 Generaii
1278 4495 1322 4566 nd
1343 4497 1495 4560 Horatium
1518 4493 1693 4560 (4444444444

227 4583 292 4660 sis,
320 4588 440 4665 scripsit
470 4587 639 4652 Historiam
665 4588 746 4660 xxi.
774 4605 941 4669 annornm,
997 4590 1212 4668 Lancelotam,
1240 4592 1394 4660 exstet'in
1421 4589 1503 4652 Actis
1528 4589 1693 4654 8444444444

226 4677 283 4737 hoo
300 4685 347 4738 est
360 4679 518 4768 Historiam
530 4681 723 4748 SIMEONIS
733 4681 943 4748 Dunelmensis
998 4688 1071 4746 tom.
1085 4685 1113 4748 2.
1131 4685 1216 4746 Febr.
1232 4687 1259 4746 8.
1276 4703 1343 4764 pag.
1360 4685 1420 4758 226
1433 4682 1500 4746 474.

227 4767 265 4830 44
281 4774 376 4851 gestis
392 4773 506 4852 linguar
524 4775 690 4856 bogiorum
704 4780 892 4842 continuavit
906 4779 943 4841 ab
1037 4778 1284 4846 HIERONYHUS
1300 4775 1506 4856 llbertnccies
1516 4775 1553 4840 ele
1564 4770 1695 4838 Bormiln
