<?xml version="1.0" encoding="UTF-8"?>
<!DOCTYPE html PUBLIC "-//W3C//DTD XHTML 1.0 Transitional//EN"
    "http://www.w3.org/TR/xhtml1/DTD/xhtml1-transitional.dtd">
<html xmlns="http://www.w3.org/1999/xhtml" xml:lang="en" lang="en">
 <head>
  <title>
</title>
<meta http-equiv="Content-Type" content="text/html;charset=utf-8" />
  <meta name='ocr-system' content='tesseract 3.04.00' />
  <meta name='ocr-capabilities' content='ocr_page ocr_carea ocr_par ocr_line ocrx_word'/>
</head>
<body>
  <div class='ocr_page' id='page_1' title='image "./bibliothecalati00schgoog/bibliothecalati00schgoog_0040.png"; bbox 0 0 3562 5582; ppageno 0'>
   <div class='ocr_carea' id='block_1_1' title="bbox 681 96 1610 161">
    <p class='ocr_par' dir='ltr' id='par_1_1' title="bbox 681 96 1610 161">
     <span class='ocr_line' id='line_1_1' title="bbox 681 96 1610 161; baseline 0.003 -3"><span class='ocrx_word' id='word_1_1' title='bbox 681 96 1053 160; x_wconf 72' lang='lat' dir='ltr'><strong>acatholicus</strong></span> <span class='ocrx_word' id='word_1_2' title='bbox 1571 101 1610 161; x_wconf 83' lang='lat' dir='ltr'><strong>at</strong></span> 
     </span>
    </p>
   </div>
   <div class='ocr_carea' id='block_1_2' title="bbox 91 165 1616 286">
    <p class='ocr_par' dir='ltr' id='par_1_2' title="bbox 91 165 1616 286">
     <span class='ocr_line' id='line_1_2' title="bbox 91 165 1616 286; baseline -0.004 -16"><span class='ocrx_word' id='word_1_3' title='bbox 91 165 96 174; x_wconf 35' lang='lat'>¹</span> <span class='ocrx_word' id='word_1_4' title='bbox 127 201 216 286; x_wconf 71' lang='lat' dir='ltr'><strong>officio</strong></span> <span class='ocrx_word' id='word_1_5' title='bbox 228 199 390 280; x_wconf 69' lang='lat' dir='ltr'><strong>l&#39;rr’oct‘pt&#39;s.</strong></span> <span class='ocrx_word' id='word_1_6' title='bbox 398 199 506 280; x_wconf 77' lang='grc'><strong>14449444</strong></span> <span class='ocrx_word' id='word_1_7' title='bbox 517 199 656 262; x_wconf 78' lang='grc'><strong>4444444444</strong></span> <span class='ocrx_word' id='word_1_8' title='bbox 673 200 838 266; x_wconf 71' lang='lat' dir='ltr'><strong>simeon</strong></span> <span class='ocrx_word' id='word_1_9' title='bbox 892 220 966 280; x_wconf 80' lang='grc'><strong>44444,</strong></span> <span class='ocrx_word' id='word_1_10' title='bbox 983 204 1111 283; x_wconf 88' lang='lat' dir='ltr'><strong>scriptor</strong></span> <span class='ocrx_word' id='word_1_11' title='bbox 1128 201 1210 264; x_wconf 82' lang='lat' dir='ltr'><strong>Vitae</strong></span> <span class='ocrx_word' id='word_1_12' title='bbox 1223 203 1254 263; x_wconf 91' lang='grc'><strong>8.</strong></span> <span class='ocrx_word' id='word_1_13' title='bbox 1266 200 1413 281; x_wconf 70' lang='grc'><strong>8444444444</strong></span> <span class='ocrx_word' id='word_1_14' title='bbox 1422 203 1616 280; x_wconf 84' lang='lat' dir='ltr'><strong>llurstensis,</strong></span> 
     </span>
    </p>
   </div>
   <div class='ocr_carea' id='block_1_3' title="bbox 117 294 1625 2713">
    <p class='ocr_par' dir='ltr' id='par_1_3' title="bbox 117 294 1625 2713">
     <span class='ocr_line' id='line_1_3' title="bbox 125 294 1617 375; baseline 0 -17"><span class='ocrx_word' id='word_1_15' title='bbox 125 299 323 358; x_wconf 73' lang='grc'><strong>8444444444</strong></span> <span class='ocrx_word' id='word_1_16' title='bbox 335 295 374 356; x_wconf 83' lang='grc'><strong>444</strong></span> <span class='ocrx_word' id='word_1_17' title='bbox 387 295 483 358; x_wconf 79' lang='lat' dir='ltr'><strong>AEnsa</strong></span> <span class='ocrx_word' id='word_1_18' title='bbox 494 309 592 373; x_wconf 84' lang='lat' dir='ltr'><strong>usque</strong></span> <span class='ocrx_word' id='word_1_19' title='bbox 608 294 646 356; x_wconf 89' lang='lat' dir='ltr'><strong>ad</strong></span> <span class='ocrx_word' id='word_1_20' title='bbox 664 294 837 374; x_wconf 80' lang='lat' dir='ltr'><strong>Pompeium</strong></span> <span class='ocrx_word' id='word_1_21' title='bbox 892 298 1014 358; x_wconf 86' lang='lat' dir='ltr'><strong>Diaconi</strong></span> <span class='ocrx_word' id='word_1_22' title='bbox 1031 303 1063 358; x_wconf 90' lang='lat' dir='ltr'><strong>et</strong></span> <span class='ocrx_word' id='word_1_23' title='bbox 1078 296 1282 372; x_wconf 76' lang='lat' dir='ltr'><strong>conessum,</strong></span> <span class='ocrx_word' id='word_1_24' title='bbox 1294 298 1346 375; x_wconf 87' lang='lat' dir='ltr'><strong>qui</strong></span> <span class='ocrx_word' id='word_1_25' title='bbox 1360 295 1505 360; x_wconf 85' lang='grc'><strong>04044444</strong></span> <span class='ocrx_word' id='word_1_26' title='bbox 1521 297 1617 358; x_wconf 88' lang='lat' dir='ltr'><strong>Gran·</strong></span> 
     </span>
     <span class='ocr_line' id='line_1_4' title="bbox 125 386 1617 470; baseline -0.001 -18"><span class='ocrx_word' id='word_1_27' title='bbox 125 391 269 468; x_wconf 73' lang='lat' dir='ltr'><strong>llagnnm.</strong></span> <span class='ocrx_word' id='word_1_28' title='bbox 295 389 486 452; x_wconf 75' lang='grc'><strong>4444044444</strong></span> <span class='ocrx_word' id='word_1_29' title='bbox 499 386 718 468; x_wconf 63' lang='grc' dir='ltr'><strong>4444444ιί44444</strong></span> <span class='ocrx_word' id='word_1_30' title='bbox 732 392 838 451; x_wconf 85' lang='grc'><strong>444444-</strong></span> <span class='ocrx_word' id='word_1_31' title='bbox 894 389 1117 451; x_wconf 86' lang='lat' dir='ltr'><strong>dimontensem</strong></span> <span class='ocrx_word' id='word_1_32' title='bbox 1142 391 1172 450; x_wconf 95' lang='lat' dir='ltr'><strong>in</strong></span> <span class='ocrx_word' id='word_1_33' title='bbox 1201 407 1323 451; x_wconf 82' lang='lat' dir='ltr'><strong>nemore</strong></span> <span class='ocrx_word' id='word_1_34' title='bbox 1350 393 1411 470; x_wconf 81' lang='lat' dir='ltr'><strong>agri</strong></span> <span class='ocrx_word' id='word_1_35' title='bbox 1434 393 1617 464; x_wconf 75' lang='lat' dir='ltr'><strong>Lemovicini</strong></span> 
     </span>
     <span class='ocr_line' id='line_1_5' title="bbox 124 480 1616 560; baseline 0.003 -18"><span class='ocrx_word' id='word_1_36' title='bbox 124 499 262 543; x_wconf 76' lang='grc'><strong>4444444444</strong></span> <span class='ocrx_word' id='word_1_37' title='bbox 278 483 438 544; x_wconf 81' lang='lat' dir='ltr'><strong>veteribus</strong></span> <span class='ocrx_word' id='word_1_38' title='bbox 450 480 700 560; x_wconf 79' lang='lat' dir='ltr'><strong>Inscriptionihoe</strong></span> <span class='ocrx_word' id='word_1_39' title='bbox 716 484 839 544; x_wconf 87' lang='lat' dir='ltr'><strong>recolle-</strong></span> <span class='ocrx_word' id='word_1_40' title='bbox 895 485 994 544; x_wconf 87' lang='lat' dir='ltr'><strong>llonta</strong></span> <span class='ocrx_word' id='word_1_41' title='bbox 1010 485 1125 545; x_wconf 81' lang='grc'><strong>44444444</strong></span> <span class='ocrx_word' id='word_1_42' title='bbox 1141 485 1272 544; x_wconf 70' lang='lat' dir='ltr'><strong>instituit</strong></span> <span class='ocrx_word' id='word_1_43' title='bbox 1288 486 1366 544; x_wconf 83' lang='lat' dir='ltr'><strong>circa</strong></span> <span class='ocrx_word' id='word_1_44' title='bbox 1380 485 1503 545; x_wconf 84' lang='lat' dir='ltr'><strong>hunum</strong></span> <span class='ocrx_word' id='word_1_45' title='bbox 1528 486 1616 547; x_wconf 86' lang='grc'><strong>4070.</strong></span> 
     </span>
     <span class='ocr_line' id='line_1_6' title="bbox 123 571 1618 656; baseline 0.002 -20"><span class='ocrx_word' id='word_1_46' title='bbox 123 583 167 636; x_wconf 87' lang='grc'><strong>444</strong></span> <span class='ocrx_word' id='word_1_47' title='bbox 184 576 251 634; x_wconf 91' lang='lat' dir='ltr'><strong>suis</strong></span> <span class='ocrx_word' id='word_1_48' title='bbox 268 575 426 636; x_wconf 79' lang='lat' dir='ltr'><strong>itineribus</strong></span> <span class='ocrx_word' id='word_1_49' title='bbox 442 582 473 636; x_wconf 90' lang='lat' dir='ltr'><strong>et</strong></span> <span class='ocrx_word' id='word_1_50' title='bbox 490 576 600 638; x_wconf 87' lang='lat' dir='ltr'><strong>studio.</strong></span> <span class='ocrx_word' id='word_1_51' title='bbox 618 577 661 638; x_wconf 88' lang='grc'><strong>04</strong></span> <span class='ocrx_word' id='word_1_52' title='bbox 674 577 841 656; x_wconf 78' lang='lat' dir='ltr'><strong>quontitate</strong></span> <span class='ocrx_word' id='word_1_53' title='bbox 895 579 1004 638; x_wconf 83' lang='lat' dir='ltr'><strong>Exstat</strong></span> <span class='ocrx_word' id='word_1_54' title='bbox 1020 579 1086 638; x_wconf 83' lang='lat' dir='ltr'><strong>sine</strong></span> <span class='ocrx_word' id='word_1_55' title='bbox 1103 580 1223 638; x_wconf 85' lang='grc'><strong>4444444</strong></span> <span class='ocrx_word' id='word_1_56' title='bbox 1249 579 1379 638; x_wconf 89' lang='lat' dir='ltr'><strong>auctoris</strong></span> <span class='ocrx_word' id='word_1_57' title='bbox 1395 578 1426 638; x_wconf 88' lang='lat' dir='ltr'><strong>in</strong></span> <span class='ocrx_word' id='word_1_58' title='bbox 1444 571 1618 640; x_wconf 77' lang='grc'><strong>4444444484-</strong></span> 
     </span>
     <span class='ocr_line' id='line_1_7' title="bbox 122 664 1620 752; baseline 0.003 -24"><span class='ocrx_word' id='word_1_59' title='bbox 122 664 290 748; x_wconf 65' lang='lat' dir='ltr'><strong>protom</strong></span> <span class='ocrx_word' id='word_1_60' title='bbox 305 671 337 728; x_wconf 87' lang='lat' dir='ltr'><strong>et</strong></span> <span class='ocrx_word' id='word_1_61' title='bbox 350 667 530 730; x_wconf 74' lang='lat' dir='ltr'><strong>samonem</strong></span> <span class='ocrx_word' id='word_1_62' title='bbox 545 668 762 750; x_wconf 67' lang='lat' dir='ltr'><strong>compositione.</strong></span> <span class='ocrx_word' id='word_1_63' title='bbox 896 671 1003 732; x_wconf 89' lang='lat' dir='ltr'><strong>hlioth.</strong></span> <span class='ocrx_word' id='word_1_64' title='bbox 1024 672 1102 732; x_wconf 82' lang='lat' dir='ltr'><strong>nova</strong></span> <span class='ocrx_word' id='word_1_65' title='bbox 1129 673 1235 732; x_wconf 87' lang='grc'><strong>448444.</strong></span> <span class='ocrx_word' id='word_1_66' title='bbox 1257 678 1328 731; x_wconf 91' lang='lat' dir='ltr'><strong>torn.</strong></span> <span class='ocrx_word' id='word_1_67' title='bbox 1351 673 1390 747; x_wconf 89' lang='grc'><strong>8,</strong></span> <span class='ocrx_word' id='word_1_68' title='bbox 1408 689 1474 752; x_wconf 77' lang='lat' dir='ltr'><strong>pag.</strong></span> <span class='ocrx_word' id='word_1_69' title='bbox 1502 672 1572 733; x_wconf 84' lang='grc'><strong>074.</strong></span> <span class='ocrx_word' id='word_1_70' title='bbox 1588 680 1620 734; x_wconf 94' lang='lat' dir='ltr'><strong>et</strong></span> 
     </span>
     <span class='ocr_line' id='line_1_8' title="bbox 157 759 1619 850; baseline 0.005 -30"><span class='ocrx_word' id='word_1_71' title='bbox 157 760 306 822; x_wconf 79' lang='grc'><strong>4444444444</strong></span> <span class='ocrx_word' id='word_1_72' title='bbox 321 759 583 836; x_wconf 78' lang='lat' dir='ltr'><strong>GEBALDlNUS,</strong></span> <span class='ocrx_word' id='word_1_73' title='bbox 601 761 765 828; x_wconf 78' lang='lat' dir='ltr'><strong>Alexandri</strong></span> <span class='ocrx_word' id='word_1_74' title='bbox 783 764 840 824; x_wconf 88' lang='lat' dir='ltr'><strong>ira-</strong></span> <span class='ocrx_word' id='word_1_75' title='bbox 896 764 1047 850; x_wconf 83' lang='lat' dir='ltr'><strong>adscripto</strong></span> <span class='ocrx_word' id='word_1_76' title='bbox 1076 762 1196 825; x_wconf 86' lang='lat' dir='ltr'><strong>Geraldi</strong></span> <span class='ocrx_word' id='word_1_77' title='bbox 1227 766 1347 824; x_wconf 88' lang='lat' dir='ltr'><strong>nominc</strong></span> <span class='ocrx_word' id='word_1_78' title='bbox 1372 781 1411 826; x_wconf 82' lang='lat' dir='ltr'><strong>cx</strong></span> <span class='ocrx_word' id='word_1_79' title='bbox 1442 765 1619 827; x_wconf 79' lang='lat' dir='ltr'><strong>Chilletiano</strong></span> 
     </span>
     <span class='ocr_line' id='line_1_9' title="bbox 125 853 1621 934; baseline 0.003 -18"><span class='ocrx_word' id='word_1_80' title='bbox 125 863 169 916; x_wconf 89' lang='lat' dir='ltr'><strong>ter</strong></span> <span class='ocrx_word' id='word_1_81' title='bbox 182 854 280 932; x_wconf 83' lang='lat' dir='ltr'><strong>major</strong></span> <span class='ocrx_word' id='word_1_82' title='bbox 294 859 367 916; x_wconf 89' lang='lat' dir='ltr'><strong>natu</strong></span> <span class='ocrx_word' id='word_1_83' title='bbox 378 899 387 928; x_wconf 93' lang='lat'><strong>,</strong></span> <span class='ocrx_word' id='word_1_84' title='bbox 398 853 436 914; x_wconf 90' lang='lat' dir='ltr'><strong>de</strong></span> <span class='ocrx_word' id='word_1_85' title='bbox 447 871 507 932; x_wconf 88' lang='lat' dir='ltr'><strong>quo</strong></span> <span class='ocrx_word' id='word_1_86' title='bbox 523 871 615 934; x_wconf 84' lang='lat' dir='ltr'><strong>supra</strong></span> <span class='ocrx_word' id='word_1_87' title='bbox 630 857 659 915; x_wconf 90' lang='grc'><strong>44</strong></span> <span class='ocrx_word' id='word_1_88' title='bbox 675 855 842 918; x_wconf 77' lang='grc'><strong>4444404440</strong></span> <span class='ocrx_word' id='word_1_89' title='bbox 898 855 1027 932; x_wconf 84' lang='lat' dir='ltr'><strong>Codice,</strong></span> <span class='ocrx_word' id='word_1_90' title='bbox 1044 873 1113 920; x_wconf 89' lang='lat' dir='ltr'><strong>cum</strong></span> <span class='ocrx_word' id='word_1_91' title='bbox 1131 857 1264 920; x_wconf 87' lang='lat' dir='ltr'><strong>Bollandi</strong></span> <span class='ocrx_word' id='word_1_92' title='bbox 1283 859 1363 918; x_wconf 86' lang='lat' dir='ltr'><strong>notis</strong></span> <span class='ocrx_word' id='word_1_93' title='bbox 1378 859 1408 917; x_wconf 94' lang='lat' dir='ltr'><strong>in</strong></span> <span class='ocrx_word' id='word_1_94' title='bbox 1433 858 1517 919; x_wconf 83' lang='lat' dir='ltr'><strong>hstis</strong></span> <span class='ocrx_word' id='word_1_95' title='bbox 1545 861 1621 922; x_wconf 87' lang='lat' dir='ltr'><strong>San-</strong></span> 
     </span>
     <span class='ocr_line' id='line_1_10' title="bbox 123 947 1618 1030; baseline 0.003 -20"><span class='ocrx_word' id='word_1_96' title='bbox 123 955 191 1010; x_wconf 91' lang='lat' dir='ltr'><strong>tom.</strong></span> <span class='ocrx_word' id='word_1_97' title='bbox 222 951 261 1028; x_wconf 75' lang='grc'><strong>4,</strong></span> <span class='ocrx_word' id='word_1_98' title='bbox 287 965 352 1026; x_wconf 86' lang='lat' dir='ltr'><strong>pag.</strong></span> <span class='ocrx_word' id='word_1_99' title='bbox 383 949 451 1010; x_wconf 95' lang='grc'><strong>448.</strong></span> <span class='ocrx_word' id='word_1_100' title='bbox 478 947 642 1010; x_wconf 83' lang='lat' dir='ltr'><strong>deiunctae</strong></span> <span class='ocrx_word' id='word_1_101' title='bbox 666 949 721 1010; x_wconf 82' lang='grc'><strong>44</strong></span> <span class='ocrx_word' id='word_1_102' title='bbox 752 949 842 1012; x_wconf 90' lang='grc'><strong>4488.</strong></span> <span class='ocrx_word' id='word_1_103' title='bbox 896 958 971 1011; x_wconf 88' lang='lat' dir='ltr'><strong>otor.</strong></span> <span class='ocrx_word' id='word_1_104' title='bbox 989 959 1061 1012; x_wconf 92' lang='lat' dir='ltr'><strong>torn.</strong></span> <span class='ocrx_word' id='word_1_105' title='bbox 1077 950 1347 1013; x_wconf 81' lang='grc'><strong>8844444444444.</strong></span> <span class='ocrx_word' id='word_1_106' title='bbox 1365 968 1432 1030; x_wconf 76' lang='lat' dir='ltr'><strong>psg.</strong></span> <span class='ocrx_word' id='word_1_107' title='bbox 1448 952 1518 1014; x_wconf 86' lang='grc'><strong>805.</strong></span> <span class='ocrx_word' id='word_1_108' title='bbox 1532 962 1564 1012; x_wconf 90' lang='lat' dir='ltr'><strong>et</strong></span> <span class='ocrx_word' id='word_1_109' title='bbox 1579 971 1618 1014; x_wconf 85' lang='lat' dir='ltr'><strong>er</strong></span> 
     </span>
     <span class='ocr_line' id='line_1_11' title="bbox 121 1038 1620 1125; baseline 0.003 -23"><span class='ocrx_word' id='word_1_110' title='bbox 121 1043 194 1104; x_wconf 84' lang='grc'><strong>444444</strong></span> <span class='ocrx_word' id='word_1_111' title='bbox 210 1038 341 1120; x_wconf 79' lang='lat' dir='ltr'><strong>Eclopoe</strong></span> <span class='ocrx_word' id='word_1_112' title='bbox 357 1041 416 1104; x_wconf 89' lang='grc'><strong>4444</strong></span> <span class='ocrx_word' id='word_1_113' title='bbox 427 1039 463 1104; x_wconf 82' lang='grc'><strong>444</strong></span> <span class='ocrx_word' id='word_1_114' title='bbox 478 1041 631 1122; x_wconf 75' lang='lat' dir='ltr'><strong>mysteriis</strong></span> <span class='ocrx_word' id='word_1_115' title='bbox 652 1044 733 1104; x_wconf 81' lang='lat' dir='ltr'><strong>Vttoo</strong></span> <span class='ocrx_word' id='word_1_116' title='bbox 747 1043 845 1106; x_wconf 86' lang='grc'><strong>444844</strong></span> <span class='ocrx_word' id='word_1_117' title='bbox 898 1044 1178 1123; x_wconf 77' lang='lat' dir='ltr'><strong>integrioreCodice</strong></span> <span class='ocrx_word' id='word_1_118' title='bbox 1194 1043 1457 1106; x_wconf 84' lang='lat' dir='ltr'><strong>Grandimcotensi</strong></span> <span class='ocrx_word' id='word_1_119' title='bbox 1468 1045 1547 1125; x_wconf 81' lang='lat' dir='ltr'><strong>apud</strong></span> <span class='ocrx_word' id='word_1_120' title='bbox 1559 1046 1620 1107; x_wconf 89' lang='lat' dir='ltr'><strong>Ed·</strong></span> 
     </span>
     <span class='ocr_line' id='line_1_12' title="bbox 122 1133 1618 1212; baseline 0 -14"><span class='ocrx_word' id='word_1_121' title='bbox 122 1135 264 1208; x_wconf 72' lang='lat' dir='ltr'><strong>Cilo-icti,</strong></span> <span class='ocrx_word' id='word_1_122' title='bbox 292 1133 428 1212; x_wconf 76' lang='lat' dir='ltr'><strong>prodiere</strong></span> <span class='ocrx_word' id='word_1_123' title='bbox 462 1136 662 1198; x_wconf 79' lang='lat' dir='ltr'><strong>salmanticae</strong></span> <span class='ocrx_word' id='word_1_124' title='bbox 696 1139 785 1198; x_wconf 90' lang='grc'><strong>4505.</strong></span> <span class='ocrx_word' id='word_1_125' title='bbox 813 1139 841 1198; x_wconf 94' lang='grc'><strong>4.</strong></span> <span class='ocrx_word' id='word_1_126' title='bbox 897 1137 1045 1198; x_wconf 88' lang='lat' dir='ltr'><strong>mundum</strong></span> <span class='ocrx_word' id='word_1_127' title='bbox 1075 1139 1208 1199; x_wconf 85' lang='grc'><strong>44444444</strong></span> <span class='ocrx_word' id='word_1_128' title='bbox 1233 1145 1306 1200; x_wconf 87' lang='lat' dir='ltr'><strong>tom.</strong></span> <span class='ocrx_word' id='word_1_129' title='bbox 1329 1139 1376 1199; x_wconf 89' lang='lat' dir='ltr'><strong>Vl.</strong></span> <span class='ocrx_word' id='word_1_130' title='bbox 1395 1145 1618 1200; x_wconf 87' lang='lat' dir='ltr'><strong>monumentor.</strong></span> 
     </span>
     <span class='ocr_line' id='line_1_13' title="bbox 122 1226 1617 1309; baseline 0.001 -19"><span class='ocrx_word' id='word_1_131' title='bbox 122 1226 739 1291; x_wconf 61' lang='lat' dir='ltr'><strong>Mewtoooosotirtmvllldiomaeh.</strong></span> <span class='ocrx_word' id='word_1_132' title='bbox 753 1229 840 1292; x_wconf 86' lang='grc'><strong>4486.</strong></span> <span class='ocrx_word' id='word_1_133' title='bbox 897 1247 962 1309; x_wconf 82' lang='lat' dir='ltr'><strong>pag.</strong></span> <span class='ocrx_word' id='word_1_134' title='bbox 979 1231 1066 1291; x_wconf 89' lang='grc'><strong>4046.</strong></span> <span class='ocrx_word' id='word_1_135' title='bbox 1082 1246 1145 1308; x_wconf 87' lang='lat' dir='ltr'><strong>seq.</strong></span> <span class='ocrx_word' id='word_1_136' title='bbox 1168 1232 1220 1292; x_wconf 91' lang='lat' dir='ltr'><strong>llio</strong></span> <span class='ocrx_word' id='word_1_137' title='bbox 1237 1237 1291 1291; x_wconf 80' lang='lat' dir='ltr'><strong>est·</strong></span> <span class='ocrx_word' id='word_1_138' title='bbox 1307 1229 1455 1292; x_wconf 87' lang='lat' dir='ltr'><strong>Geraldus</strong></span> <span class='ocrx_word' id='word_1_139' title='bbox 1471 1228 1509 1292; x_wconf 91' lang='lat' dir='ltr'><strong>ad</strong></span> <span class='ocrx_word' id='word_1_140' title='bbox 1525 1247 1617 1309; x_wconf 86' lang='lat' dir='ltr'><strong>quem</strong></span> 
     </span>
     <span class='ocr_line' id='line_1_14' title="bbox 123 1320 1620 1403; baseline 0.001 -19"><span class='ocrx_word' id='word_1_141' title='bbox 123 1323 236 1396; x_wconf 86' lang='lat' dir='ltr'><strong>habita,</strong></span> <span class='ocrx_word' id='word_1_142' title='bbox 251 1320 393 1400; x_wconf 81' lang='lat' dir='ltr'><strong>editaque</strong></span> <span class='ocrx_word' id='word_1_143' title='bbox 410 1323 440 1382; x_wconf 95' lang='grc'><strong>44</strong></span> <span class='ocrx_word' id='word_1_144' title='bbox 459 1322 487 1382; x_wconf 91' lang='grc'><strong>4.</strong></span> <span class='ocrx_word' id='word_1_145' title='bbox 503 1322 578 1384; x_wconf 84' lang='lat' dir='ltr'><strong>Vide</strong></span> <span class='ocrx_word' id='word_1_146' title='bbox 605 1323 758 1384; x_wconf 83' lang='lat' dir='ltr'><strong>Nicolaum</strong></span> <span class='ocrx_word' id='word_1_147' title='bbox 780 1323 841 1384; x_wconf 80' lang='lat' dir='ltr'><strong>hn-</strong></span> <span class='ocrx_word' id='word_1_148' title='bbox 897 1322 1063 1385; x_wconf 86' lang='lat' dir='ltr'><strong>Glementis</strong></span> <span class='ocrx_word' id='word_1_149' title='bbox 1078 1323 1127 1384; x_wconf 92' lang='lat' dir='ltr'><strong>lll.</strong></span> <span class='ocrx_word' id='word_1_150' title='bbox 1147 1323 1227 1385; x_wconf 90' lang='lat' dir='ltr'><strong>bulla</strong></span> <span class='ocrx_word' id='word_1_151' title='bbox 1245 1341 1304 1402; x_wconf 87' lang='lat' dir='ltr'><strong>qua</strong></span> <span class='ocrx_word' id='word_1_152' title='bbox 1317 1323 1437 1384; x_wconf 87' lang='lat' dir='ltr'><strong>Sanctis</strong></span> <span class='ocrx_word' id='word_1_153' title='bbox 1449 1321 1620 1403; x_wconf 89' lang='lat' dir='ltr'><strong>adscriptus</strong></span> 
     </span>
     <span class='ocr_line' id='line_1_15' title="bbox 119 1412 1395 1495; baseline -0.001 -17"><span class='ocrx_word' id='word_1_154' title='bbox 119 1419 236 1478; x_wconf 81' lang='lat' dir='ltr'><strong>lonium</strong></span> <span class='ocrx_word' id='word_1_155' title='bbox 261 1423 342 1477; x_wconf 88' lang='lat' dir='ltr'><strong>tomo</strong></span> <span class='ocrx_word' id='word_1_156' title='bbox 367 1416 396 1478; x_wconf 98' lang='grc'><strong>8.</strong></span> <span class='ocrx_word' id='word_1_157' title='bbox 411 1415 610 1480; x_wconf 76' lang='lat' dir='ltr'><strong>Bibliothecae</strong></span> <span class='ocrx_word' id='word_1_158' title='bbox 628 1430 723 1478; x_wconf 87' lang='grc'><strong>444444</strong></span> <span class='ocrx_word' id='word_1_159' title='bbox 738 1417 843 1495; x_wconf 85' lang='lat' dir='ltr'><strong>llispa-</strong></span> <span class='ocrx_word' id='word_1_160' title='bbox 898 1412 1072 1493; x_wconf 90' lang='lat' dir='ltr'><strong>Stephanus</strong></span> <span class='ocrx_word' id='word_1_161' title='bbox 1092 1416 1141 1478; x_wconf 90' lang='lat' dir='ltr'><strong>ills</strong></span> <span class='ocrx_word' id='word_1_162' title='bbox 1159 1417 1215 1479; x_wconf 90' lang='lat' dir='ltr'><strong>luit</strong></span> <span class='ocrx_word' id='word_1_163' title='bbox 1230 1415 1288 1478; x_wconf 80' lang='lat' dir='ltr'><strong>ho.</strong></span> <span class='ocrx_word' id='word_1_164' title='bbox 1306 1417 1395 1479; x_wconf 84' lang='grc'><strong>4480.</strong></span> 
     </span>
     <span class='ocr_line' id='line_1_16' title="bbox 122 1508 1622 1590; baseline 0.001 -20"><span class='ocrx_word' id='word_1_165' title='bbox 122 1528 176 1572; x_wconf 90' lang='lat' dir='ltr'><strong>nae</strong></span> <span class='ocrx_word' id='word_1_166' title='bbox 188 1509 334 1590; x_wconf 71' lang='lat' dir='ltr'><strong>paptidti.</strong></span> <span class='ocrx_word' id='word_1_167' title='bbox 347 1515 379 1570; x_wconf 91' lang='lat' dir='ltr'><strong>et</strong></span> <span class='ocrx_word' id='word_1_168' title='bbox 388 1509 521 1570; x_wconf 80' lang='lat' dir='ltr'><strong>Dianium</strong></span> <span class='ocrx_word' id='word_1_169' title='bbox 532 1509 728 1571; x_wconf 88' lang='lat' dir='ltr'><strong>Eruditorum</strong></span> <span class='ocrx_word' id='word_1_170' title='bbox 740 1511 841 1582; x_wconf 81' lang='lat' dir='ltr'><strong>ltaliae</strong></span> <span class='ocrx_word' id='word_1_171' title='bbox 935 1509 1142 1572; x_wconf 82' lang='lat' dir='ltr'><strong>GEBALBUS.</strong></span> <span class='ocrx_word' id='word_1_172' title='bbox 1165 1512 1399 1572; x_wconf 82' lang='lat' dir='ltr'><strong>lemovicensis.</strong></span> <span class='ocrx_word' id='word_1_173' title='bbox 1429 1508 1503 1571; x_wconf 87' lang='lat' dir='ltr'><strong>Vide</strong></span> <span class='ocrx_word' id='word_1_174' title='bbox 1529 1527 1622 1590; x_wconf 87' lang='lat' dir='ltr'><strong>supra</strong></span> 
     </span>
     <span class='ocr_line' id='line_1_17' title="bbox 118 1601 1621 1684; baseline -0.001 -18"><span class='ocrx_word' id='word_1_175' title='bbox 118 1613 190 1666; x_wconf 87' lang='lat' dir='ltr'><strong>tom.</strong></span> <span class='ocrx_word' id='word_1_176' title='bbox 208 1605 265 1680; x_wconf 87' lang='grc'><strong>88,</strong></span> <span class='ocrx_word' id='word_1_177' title='bbox 282 1619 351 1683; x_wconf 74' lang='lat' dir='ltr'><strong>pag.</strong></span> <span class='ocrx_word' id='word_1_178' title='bbox 376 1604 444 1665; x_wconf 88' lang='grc'><strong>800.</strong></span> <span class='ocrx_word' id='word_1_179' title='bbox 466 1617 529 1681; x_wconf 88' lang='lat' dir='ltr'><strong>seq.</strong></span> <span class='ocrx_word' id='word_1_180' title='bbox 546 1610 579 1664; x_wconf 89' lang='lat' dir='ltr'><strong>et</strong></span> <span class='ocrx_word' id='word_1_181' title='bbox 602 1610 673 1664; x_wconf 86' lang='lat' dir='ltr'><strong>tom.</strong></span> <span class='ocrx_word' id='word_1_182' title='bbox 703 1604 751 1666; x_wconf 92' lang='grc'><strong>84.</strong></span> <span class='ocrx_word' id='word_1_183' title='bbox 772 1621 838 1684; x_wconf 82' lang='lat' dir='ltr'><strong>pag.</strong></span> <span class='ocrx_word' id='word_1_184' title='bbox 898 1601 1316 1666; x_wconf 80' lang='lat' dir='ltr'><strong>GecordurdeFBhGBETO</strong></span> <span class='ocrx_word' id='word_1_185' title='bbox 1332 1611 1404 1664; x_wconf 91' lang='lat' dir='ltr'><strong>tom.</strong></span> <span class='ocrx_word' id='word_1_186' title='bbox 1417 1605 1534 1682; x_wconf 62' lang='lat' dir='ltr'><strong>meg.</strong></span> <span class='ocrx_word' id='word_1_187' title='bbox 1551 1605 1621 1665; x_wconf 85' lang='grc'><strong>588.</strong></span> 
     </span>
     <span class='ocr_line' id='line_1_18' title="bbox 120 1694 1622 1776; baseline -0.001 -16"><span class='ocrx_word' id='word_1_188' title='bbox 120 1699 188 1760; x_wconf 79' lang='lat' dir='ltr'><strong>aaa.</strong></span> <span class='ocrx_word' id='word_1_189' title='bbox 213 1713 280 1774; x_wconf 86' lang='lat' dir='ltr'><strong>seq.</strong></span> <span class='ocrx_word' id='word_1_190' title='bbox 307 1694 531 1758; x_wconf 80' lang='lat' dir='ltr'><strong>Poenitootiotir</strong></span> <span class='ocrx_word' id='word_1_191' title='bbox 554 1695 744 1773; x_wconf 77' lang='grc' dir='ltr'><strong>944444οά444,</strong></span> <span class='ocrx_word' id='word_1_192' title='bbox 773 1699 840 1758; x_wconf 87' lang='lat' dir='ltr'><strong>sive</strong></span> <span class='ocrx_word' id='word_1_193' title='bbox 936 1695 1515 1772; x_wconf 79' lang='lat' dir='ltr'><strong>GEBALDUSBituriceosialledicus,</strong></span> <span class='ocrx_word' id='word_1_194' title='bbox 1533 1697 1622 1776; x_wconf 82' lang='lat' dir='ltr'><strong>cujus</strong></span> 
     </span>
     <span class='ocr_line' id='line_1_19' title="bbox 121 1788 1623 1868; baseline -0.003 -14"><span class='ocrx_word' id='word_1_195' title='bbox 121 1791 231 1854; x_wconf 79' lang='grc'><strong>94441444</strong></span> <span class='ocrx_word' id='word_1_196' title='bbox 244 1791 307 1852; x_wconf 85' lang='lat' dir='ltr'><strong>vlt.</strong></span> <span class='ocrx_word' id='word_1_197' title='bbox 321 1790 553 1852; x_wconf 87' lang='lat' dir='ltr'><strong>Posnitentiales</strong></span> <span class='ocrx_word' id='word_1_198' title='bbox 570 1791 675 1852; x_wconf 83' lang='lat' dir='ltr'><strong>Latino</strong></span> <span class='ocrx_word' id='word_1_199' title='bbox 688 1791 839 1852; x_wconf 84' lang='lat' dir='ltr'><strong>Carmine.</strong></span> <span class='ocrx_word' id='word_1_200' title='bbox 896 1791 1154 1852; x_wconf 77' lang='lat' dir='ltr'><strong>commentarium</strong></span> <span class='ocrx_word' id='word_1_201' title='bbox 1183 1788 1520 1868; x_wconf 66' lang='lat' dir='ltr'><strong>cismarinorum</strong></span> <span class='ocrx_word' id='word_1_202' title='bbox 1546 1791 1623 1853; x_wconf 83' lang='lat' dir='ltr'><strong>Con·</strong></span> 
     </span>
     <span class='ocr_line' id='line_1_20' title="bbox 121 1881 1621 1963; baseline -0.002 -16"><span class='ocrx_word' id='word_1_203' title='bbox 121 1886 207 1948; x_wconf 88' lang='grc'><strong>4480.</strong></span> <span class='ocrx_word' id='word_1_204' title='bbox 228 1887 259 1944; x_wconf 89' lang='grc'><strong>44</strong></span> <span class='ocrx_word' id='word_1_205' title='bbox 277 1885 303 1943; x_wconf 88' lang='grc'><strong>4.</strong></span> <span class='ocrx_word' id='word_1_206' title='bbox 896 1881 1022 1942; x_wconf 72' lang='lat' dir='ltr'><strong>stanton</strong></span> <span class='ocrx_word' id='word_1_207' title='bbox 1045 1891 1191 1944; x_wconf 86' lang='lat' dir='ltr'><strong>memoret</strong></span> <span class='ocrx_word' id='word_1_208' title='bbox 1207 1883 1362 1944; x_wconf 80' lang='lat' dir='ltr'><strong>sanderus</strong></span> <span class='ocrx_word' id='word_1_209' title='bbox 1374 1884 1402 1942; x_wconf 90' lang='lat' dir='ltr'><strong>in</strong></span> <span class='ocrx_word' id='word_1_210' title='bbox 1413 1883 1489 1944; x_wconf 89' lang='lat' dir='ltr'><strong>Bihl.</strong></span> <span class='ocrx_word' id='word_1_211' title='bbox 1503 1884 1621 1963; x_wconf 81' lang='lat' dir='ltr'><strong>Belgica</strong></span> 
     </span>
     <span class='ocr_line' id='line_1_21' title="bbox 160 1972 1621 2056; baseline -0.001 -16"><span class='ocrx_word' id='word_1_212' title='bbox 160 1983 177 2014; x_wconf 79' lang='lat'>¹</span> <span class='ocrx_word' id='word_1_213' title='bbox 195 1979 274 2040; x_wconf 84' lang='lat' dir='ltr'><strong>Eius</strong></span> <span class='ocrx_word' id='word_1_214' title='bbox 290 1979 410 2056; x_wconf 84' lang='lat' dir='ltr'><strong>eclogas</strong></span> <span class='ocrx_word' id='word_1_215' title='bbox 428 1979 493 2052; x_wconf 84' lang='lat' dir='ltr'><strong>llll,</strong></span> <span class='ocrx_word' id='word_1_216' title='bbox 511 1979 641 2056; x_wconf 87' lang='lat' dir='ltr'><strong>scriptae</strong></span> <span class='ocrx_word' id='word_1_217' title='bbox 658 1984 732 2039; x_wconf 88' lang='lat' dir='ltr'><strong>sunt</strong></span> <span class='ocrx_word' id='word_1_218' title='bbox 744 1972 862 2039; x_wconf 60' lang='lat' dir='ltr'><strong>abeo!</strong></span> <span class='ocrx_word' id='word_1_219' title='bbox 898 1975 959 2036; x_wconf 87' lang='grc'><strong>448.</strong></span> <span class='ocrx_word' id='word_1_220' title='bbox 972 1992 999 2053; x_wconf 92' lang='lat' dir='ltr'><strong>p.</strong></span> <span class='ocrx_word' id='word_1_221' title='bbox 1016 1977 1083 2037; x_wconf 87' lang='grc'><strong>494.</strong></span> <span class='ocrx_word' id='word_1_222' title='bbox 1099 1977 1317 2038; x_wconf 82' lang='lat' dir='ltr'><strong>Constantinus</strong></span> <span class='ocrx_word' id='word_1_223' title='bbox 1333 1976 1538 2050; x_wconf 84' lang='lat' dir='ltr'><strong>hier,auotor</strong></span> <span class='ocrx_word' id='word_1_224' title='bbox 1553 1975 1621 2038; x_wconf 87' lang='lat' dir='ltr'><strong>Via-</strong></span> 
     </span>
     <span class='ocr_line' id='line_1_22' title="bbox 119 2067 1429 2150; baseline -0.005 -16"><span class='ocrx_word' id='word_1_225' title='bbox 119 2073 189 2134; x_wconf 89' lang='lat' dir='ltr'><strong>dem</strong></span> <span class='ocrx_word' id='word_1_226' title='bbox 206 2077 332 2136; x_wconf 82' lang='lat' dir='ltr'><strong>anctore</strong></span> <span class='ocrx_word' id='word_1_227' title='bbox 349 2073 608 2150; x_wconf 75' lang='lat' dir='ltr'><strong>Caesaraugustae</strong></span> <span class='ocrx_word' id='word_1_228' title='bbox 625 2087 673 2131; x_wconf 89' lang='lat' dir='ltr'><strong>an.</strong></span> <span class='ocrx_word' id='word_1_229' title='bbox 685 2071 776 2132; x_wconf 91' lang='grc'><strong>4484.</strong></span> <span class='ocrx_word' id='word_1_230' title='bbox 786 2073 842 2131; x_wconf 90' lang='lat' dir='ltr'><strong>im·</strong></span> <span class='ocrx_word' id='word_1_231' title='bbox 897 2067 947 2128; x_wconf 88' lang='lat' dir='ltr'><strong>tici</strong></span> <span class='ocrx_word' id='word_1_232' title='bbox 965 2071 1086 2147; x_wconf 78' lang='lat' dir='ltr'><strong>scripsit</strong></span> <span class='ocrx_word' id='word_1_233' title='bbox 1106 2071 1185 2130; x_wconf 89' lang='lat' dir='ltr'><strong>circa</strong></span> <span class='ocrx_word' id='word_1_234' title='bbox 1201 2067 1322 2130; x_wconf 79' lang='lat' dir='ltr'><strong>Annum</strong></span> <span class='ocrx_word' id='word_1_235' title='bbox 1341 2067 1429 2131; x_wconf 90' lang='grc'><strong>4090.</strong></span> 
     </span>
     <span class='ocr_line' id='line_1_23' title="bbox 119 2161 1621 2246; baseline -0.003 -20"><span class='ocrx_word' id='word_1_236' title='bbox 119 2181 243 2246; x_wconf 66' lang='lat' dir='ltr'><strong>preme</strong></span> <span class='ocrx_word' id='word_1_237' title='bbox 254 2181 328 2226; x_wconf 84' lang='lat' dir='ltr'><strong>vero</strong></span> <span class='ocrx_word' id='word_1_238' title='bbox 342 2166 455 2226; x_wconf 80' lang='lat' dir='ltr'><strong>Bootae</strong></span> <span class='ocrx_word' id='word_1_239' title='bbox 463 2180 511 2226; x_wconf 89' lang='grc'><strong>44.</strong></span> <span class='ocrx_word' id='word_1_240' title='bbox 528 2179 592 2241; x_wconf 87' lang='lat' dir='ltr'><strong>seq.</strong></span> <span class='ocrx_word' id='word_1_241' title='bbox 608 2179 687 2224; x_wconf 86' lang='grc'><strong>444444</strong></span> <span class='ocrx_word' id='word_1_242' title='bbox 702 2161 842 2224; x_wconf 72' lang='lat' dir='ltr'><strong>cottonis</strong></span> <span class='ocrx_word' id='word_1_243' title='bbox 937 2163 1152 2238; x_wconf 80' lang='lat' dir='ltr'><strong>GEBABDUS,</strong></span> <span class='ocrx_word' id='word_1_244' title='bbox 1168 2161 1363 2236; x_wconf 81' lang='lat' dir='ltr'><strong>Gerhordoa,</strong></span> <span class='ocrx_word' id='word_1_245' title='bbox 1382 2161 1549 2236; x_wconf 78' lang='grc'><strong>0444444444,</strong></span> <span class='ocrx_word' id='word_1_246' title='bbox 1565 2161 1621 2222; x_wconf 86' lang='lat' dir='ltr'><strong>Ge-</strong></span> 
     </span>
     <span class='ocr_line' id='line_1_24' title="bbox 119 2253 1620 2339; baseline -0.005 -18"><span class='ocrx_word' id='word_1_247' title='bbox 119 2258 342 2322; x_wconf 71' lang='lat' dir='ltr'><strong>tererttsct&#39;mor.</strong></span> <span class='ocrx_word' id='word_1_248' title='bbox 360 2259 449 2338; x_wconf 80' lang='lat' dir='ltr'><strong>liepia</strong></span> <span class='ocrx_word' id='word_1_249' title='bbox 469 2263 499 2318; x_wconf 88' lang='grc'><strong>44</strong></span> <span class='ocrx_word' id='word_1_250' title='bbox 524 2256 653 2335; x_wconf 76' lang='grc'><strong>4449444444</strong></span> <span class='ocrx_word' id='word_1_251' title='bbox 679 2257 842 2339; x_wconf 82' lang='lat' dir='ltr'><strong>Ht&#39;cponio·</strong></span> <span class='ocrx_word' id='word_1_252' title='bbox 898 2253 1620 2334; x_wconf 70' lang='lat' dir='ltr'><strong>comm,teotbactsotttusuprnflmthtbus</strong></span> 
     </span>
     <span class='ocr_line' id='line_1_25' title="bbox 117 2347 1621 2437; baseline -0.003 -24"><span class='ocrx_word' id='word_1_253' title='bbox 117 2371 189 2414; x_wconf 82' lang='grc'><strong>444444</strong></span> <span class='ocrx_word' id='word_1_254' title='bbox 206 2351 300 2432; x_wconf 75' lang='lat' dir='ltr'><strong>lopati</strong></span> <span class='ocrx_word' id='word_1_255' title='bbox 314 2355 333 2412; x_wconf 88' lang='lat'>8</span> <span class='ocrx_word' id='word_1_256' title='bbox 349 2352 388 2413; x_wconf 87' lang='lat' dir='ltr'><strong>id.</strong></span> <span class='ocrx_word' id='word_1_257' title='bbox 405 2350 515 2412; x_wconf 82' lang='grc'><strong>44444444.</strong></span> <span class='ocrx_word' id='word_1_258' title='bbox 533 2354 611 2413; x_wconf 88' lang='lat' dir='ltr'><strong>Bsec</strong></span> <span class='ocrx_word' id='word_1_259' title='bbox 636 2352 703 2430; x_wconf 76' lang='lat' dir='ltr'><strong>lego</strong></span> <span class='ocrx_word' id='word_1_260' title='bbox 728 2354 756 2410; x_wconf 93' lang='grc'><strong>44</strong></span> <span class='ocrx_word' id='word_1_261' title='bbox 783 2351 842 2412; x_wconf 84' lang='grc'><strong>4444</strong></span> <span class='ocrx_word' id='word_1_262' title='bbox 939 2349 1162 2437; x_wconf 68' lang='lat' dir='ltr'><strong>chalantis,</strong></span> <span class='ocrx_word' id='word_1_263' title='bbox 1177 2349 1340 2411; x_wconf 82' lang='lat' dir='ltr'><strong>Monachus</strong></span> <span class='ocrx_word' id='word_1_264' title='bbox 1355 2347 1575 2430; x_wconf 79' lang='lat' dir='ltr'><strong>Afflipemencr&#39;a</strong></span> <span class='ocrx_word' id='word_1_265' title='bbox 1590 2367 1621 2409; x_wconf 94' lang='grc'><strong>44</strong></span> 
     </span>
     <span class='ocr_line' id='line_1_26' title="bbox 119 2441 1624 2524; baseline -0.004 -16"><span class='ocrx_word' id='word_1_266' title='bbox 119 2448 265 2508; x_wconf 77' lang='lat' dir='ltr'><strong>esidorus</strong></span> <span class='ocrx_word' id='word_1_267' title='bbox 278 2463 365 2508; x_wconf 82' lang='lat' dir='ltr'><strong>mese</strong></span> <span class='ocrx_word' id='word_1_268' title='bbox 388 2449 417 2506; x_wconf 89' lang='grc'><strong>44</strong></span> <span class='ocrx_word' id='word_1_269' title='bbox 445 2447 462 2506; x_wconf 92' lang='grc'><strong>4</strong></span> <span class='ocrx_word' id='word_1_270' title='bbox 485 2446 653 2523; x_wconf 84' lang='lat' dir='ltr'><strong>exquibus</strong></span> <span class='ocrx_word' id='word_1_271' title='bbox 675 2446 841 2508; x_wconf 81' lang='lat' dir='ltr'><strong>Fabricium</strong></span> <span class='ocrx_word' id='word_1_272' title='bbox 900 2443 1059 2504; x_wconf 86' lang='lat' dir='ltr'><strong>Brahentia</strong></span> <span class='ocrx_word' id='word_1_273' title='bbox 1080 2442 1151 2505; x_wconf 88' lang='lat' dir='ltr'><strong>Ord.</strong></span> <span class='ocrx_word' id='word_1_274' title='bbox 1170 2441 1382 2522; x_wconf 76' lang='grc'><strong>8444444444</strong></span> <span class='ocrx_word' id='word_1_275' title='bbox 1399 2443 1545 2524; x_wconf 80' lang='lat' dir='ltr'><strong>Congium</strong></span> <span class='ocrx_word' id='word_1_276' title='bbox 1563 2449 1624 2502; x_wconf 90' lang='lat' dir='ltr'><strong>tra-</strong></span> 
     </span>
     <span class='ocr_line' id='line_1_27' title="bbox 118 2533 1623 2620; baseline 0 -26"><span class='ocrx_word' id='word_1_277' title='bbox 118 2544 262 2620; x_wconf 67' lang='lat' dir='ltr'><strong>con-igne,</strong></span> <span class='ocrx_word' id='word_1_278' title='bbox 772 2567 774 2573; x_wconf 71' lang='lat'><strong>,</strong></span> <span class='ocrx_word' id='word_1_279' title='bbox 899 2533 981 2594; x_wconf 90' lang='lat' dir='ltr'><strong>ditur</strong></span> <span class='ocrx_word' id='word_1_280' title='bbox 998 2536 1158 2612; x_wconf 78' lang='lat' dir='ltr'><strong>scripsisse</strong></span> <span class='ocrx_word' id='word_1_281' title='bbox 1180 2533 1217 2596; x_wconf 85' lang='lat' dir='ltr'><strong>de</strong></span> <span class='ocrx_word' id='word_1_282' title='bbox 1232 2537 1315 2594; x_wconf 81' lang='grc'><strong>444444</strong></span> <span class='ocrx_word' id='word_1_283' title='bbox 1331 2533 1444 2596; x_wconf 79' lang='lat' dir='ltr'><strong>tioudi.</strong></span> <span class='ocrx_word' id='word_1_284' title='bbox 1468 2535 1526 2596; x_wconf 88' lang='lat' dir='ltr'><strong>Sed</strong></span> <span class='ocrx_word' id='word_1_285' title='bbox 1543 2533 1623 2614; x_wconf 87' lang='lat' dir='ltr'><strong>apud</strong></span> 
     </span>
     <span class='ocr_line' id='line_1_28' title="bbox 119 2627 1625 2713; baseline -0.007 -15"><span class='ocrx_word' id='word_1_286' title='bbox 119 2675 122 2678; x_wconf 96' lang='lat'>-</span> <span class='ocrx_word' id='word_1_287' title='bbox 156 2634 419 2698; x_wconf 70' lang='lat' dir='ltr'><strong>emanasse</strong></span> <span class='ocrx_word' id='word_1_288' title='bbox 442 2631 568 2696; x_wconf 73' lang='lat' dir='ltr'><strong>socoth</strong></span> <span class='ocrx_word' id='word_1_289' title='bbox 588 2633 682 2710; x_wconf 85' lang='lat' dir='ltr'><strong>villu,</strong></span> <span class='ocrx_word' id='word_1_290' title='bbox 703 2637 843 2713; x_wconf 78' lang='lat' dir='ltr'><strong>Magister</strong></span> <span class='ocrx_word' id='word_1_291' title='bbox 898 2627 1080 2688; x_wconf 86' lang='lat' dir='ltr'><strong>Sweertium</strong></span> <span class='ocrx_word' id='word_1_292' title='bbox 1100 2634 1133 2688; x_wconf 90' lang='lat' dir='ltr'><strong>et</strong></span> <span class='ocrx_word' id='word_1_293' title='bbox 1149 2628 1302 2688; x_wconf 90' lang='lat' dir='ltr'><strong>Valerium</strong></span> <span class='ocrx_word' id='word_1_294' title='bbox 1321 2627 1472 2690; x_wconf 85' lang='lat' dir='ltr'><strong>Andream</strong></span> <span class='ocrx_word' id='word_1_295' title='bbox 1489 2629 1625 2689; x_wconf 88' lang='lat' dir='ltr'><strong>inscribi-</strong></span> 
     </span>
    </p>
   </div>
   <div class='ocr_carea' id='block_1_4' title="bbox 12 2719 1637 2896">
    <p class='ocr_par' dir='ltr' id='par_1_4' title="bbox 12 2719 1637 2896">
     <span class='ocr_line' id='line_1_29' title="bbox 12 2719 1637 2820; baseline -0.003 -35"><span class='ocrx_word' id='word_1_296' title='bbox 12 2787 13 2820; x_wconf 25' lang='lat'>4</span> <span class='ocrx_word' id='word_1_297' title='bbox 121 2729 397 2791; x_wconf 80' lang='lat' dir='ltr'><strong>Parisiensiscirca</strong></span> <span class='ocrx_word' id='word_1_298' title='bbox 423 2727 545 2789; x_wconf 77' lang='lat' dir='ltr'><strong>Annum</strong></span> <span class='ocrx_word' id='word_1_299' title='bbox 575 2726 662 2789; x_wconf 79' lang='grc'><strong>4857,</strong></span> <span class='ocrx_word' id='word_1_300' title='bbox 683 2745 753 2788; x_wconf 86' lang='lat' dir='ltr'><strong>cum</strong></span> <span class='ocrx_word' id='word_1_301' title='bbox 770 2725 842 2789; x_wconf 77' lang='grc'><strong>(4444-</strong></span> <span class='ocrx_word' id='word_1_302' title='bbox 896 2719 1092 2782; x_wconf 77' lang='lat' dir='ltr'><strong>turdeetoto</strong></span> <span class='ocrx_word' id='word_1_303' title='bbox 1107 2720 1414 2798; x_wconf 77' lang='lat' dir='ltr'><strong>matrimoniali,hlS.</strong></span> <span class='ocrx_word' id='word_1_304' title='bbox 1433 2724 1462 2782; x_wconf 85' lang='grc'><strong>44</strong></span> <span class='ocrx_word' id='word_1_305' title='bbox 1486 2723 1637 2784; x_wconf 83' lang='lat' dir='ltr'><strong>Parcensl&#39;</strong></span> 
     </span>
     <span class='ocr_line' id='line_1_30' title="bbox 12 2815 1428 2896; baseline -0.006 -14"><span class='ocrx_word' id='word_1_306' title='bbox 12 2827 13 2882; x_wconf 68' lang='lat'>1</span> <span class='ocrx_word' id='word_1_307' title='bbox 121 2821 285 2884; x_wconf 87' lang='lat' dir='ltr'><strong>lhelmode</strong></span> <span class='ocrx_word' id='word_1_308' title='bbox 299 2822 329 2884; x_wconf 90' lang='lat' dir='ltr'><strong>S.</strong></span> <span class='ocrx_word' id='word_1_309' title='bbox 345 2819 455 2884; x_wconf 78' lang='lat' dir='ltr'><strong>Amore</strong></span> <span class='ocrx_word' id='word_1_310' title='bbox 477 2821 608 2896; x_wconf 88' lang='lat' dir='ltr'><strong>iaciens,</strong></span> <span class='ocrx_word' id='word_1_311' title='bbox 626 2823 840 2882; x_wconf 82' lang='lat' dir='ltr'><strong>Franciscanos</strong></span> <span class='ocrx_word' id='word_1_312' title='bbox 896 2815 1074 2875; x_wconf 81' lang='lat' dir='ltr'><strong>Monasterio</strong></span> <span class='ocrx_word' id='word_1_313' title='bbox 1086 2831 1151 2876; x_wconf 89' lang='lat' dir='ltr'><strong>non</strong></span> <span class='ocrx_word' id='word_1_314' title='bbox 1169 2816 1270 2894; x_wconf 92' lang='lat' dir='ltr'><strong>procul</strong></span> <span class='ocrx_word' id='word_1_315' title='bbox 1290 2816 1428 2876; x_wconf 84' lang='grc'><strong>4444444.</strong></span> 
     </span>
    </p>
   </div>
   <div class='ocr_carea' id='block_1_5' title="bbox 118 2905 1733 3086">
    <p class='ocr_par' dir='ltr' id='par_1_5' title="bbox 118 2905 1733 3086">
     <span class='ocr_line' id='line_1_31' title="bbox 118 2905 1733 2994; baseline -0.005 -18"><span class='ocrx_word' id='word_1_316' title='bbox 118 2923 150 2976; x_wconf 88' lang='grc'><strong>44</strong></span> <span class='ocrx_word' id='word_1_317' title='bbox 163 2917 379 2976; x_wconf 85' lang='lat' dir='ltr'><strong>Dominioanos</strong></span> <span class='ocrx_word' id='word_1_318' title='bbox 393 2915 696 2994; x_wconf 81' lang='lat' dir='ltr'><strong>oppugnavittribus</strong></span> <span class='ocrx_word' id='word_1_319' title='bbox 711 2917 841 2993; x_wconf 86' lang='lat' dir='ltr'><strong>scriptis,</strong></span> <span class='ocrx_word' id='word_1_320' title='bbox 937 2906 1140 2968; x_wconf 82' lang='grc'><strong>0844480448</strong></span> <span class='ocrx_word' id='word_1_321' title='bbox 1159 2908 1327 2968; x_wconf 89' lang='lat' dir='ltr'><strong>llonachus</strong></span> <span class='ocrx_word' id='word_1_322' title='bbox 1344 2909 1376 2968; x_wconf 91' lang='grc'><strong>8.</strong></span> <span class='ocrx_word' id='word_1_323' title='bbox 1398 2905 1500 2967; x_wconf 77' lang='lat' dir='ltr'><strong>Albici</strong></span> <span class='ocrx_word' id='word_1_324' title='bbox 1525 2905 1625 2968; x_wconf 81' lang='lat' dir='ltr'><strong>hude-</strong></span> <span class='ocrx_word' id='word_1_325' title='bbox 1731 2939 1733 2942; x_wconf 96' lang='lat'>·</span> 
     </span>
     <span class='ocr_line' id='line_1_32' title="bbox 118 2999 1625 3086; baseline -0.009 -16"><span class='ocrx_word' id='word_1_326' title='bbox 118 3009 293 3070; x_wconf 88' lang='lat' dir='ltr'><strong>adversario</strong></span> <span class='ocrx_word' id='word_1_327' title='bbox 307 3007 499 3086; x_wconf 77' lang='lat' dir='ltr'><strong>perfectionis</strong></span> <span class='ocrx_word' id='word_1_328' title='bbox 511 3007 700 3070; x_wconf 83' lang='lat' dir='ltr'><strong>Christianae</strong></span> <span class='ocrx_word' id='word_1_329' title='bbox 712 3011 843 3069; x_wconf 81' lang='lat' dir='ltr'><strong>maxime</strong></span> <span class='ocrx_word' id='word_1_330' title='bbox 897 3003 1058 3080; x_wconf 79' lang='lat' dir='ltr'><strong>gavensis,</strong></span> <span class='ocrx_word' id='word_1_331' title='bbox 1077 3000 1152 3062; x_wconf 91' lang='lat' dir='ltr'><strong>Ord.</strong></span> <span class='ocrx_word' id='word_1_332' title='bbox 1172 3000 1325 3063; x_wconf 84' lang='lat' dir='ltr'><strong>Benedicti</strong></span> <span class='ocrx_word' id='word_1_333' title='bbox 1351 2999 1513 3062; x_wconf 80' lang='lat' dir='ltr'><strong>defunctus</strong></span> <span class='ocrx_word' id='word_1_334' title='bbox 1536 3000 1625 3062; x_wconf 80' lang='lat' dir='ltr'><strong>Anno</strong></span> 
     </span>
    </p>
   </div>
   <div class='ocr_carea' id='block_1_6' title="bbox 13 3093 1625 3180">
    <p class='ocr_par' dir='ltr' id='par_1_6' title="bbox 13 3093 1625 3180">
     <span class='ocr_line' id='line_1_33' title="bbox 13 3093 1625 3180; baseline -0.007 -14"><span class='ocrx_word' id='word_1_335' title='bbox 13 3167 14 3180; x_wconf 57' lang='grc'><strong>,</strong></span> <span class='ocrx_word' id='word_1_336' title='bbox 119 3103 326 3166; x_wconf 82' lang='lat' dir='ltr'><strong>Praelatorum</strong></span> <span class='ocrx_word' id='word_1_337' title='bbox 352 3103 593 3180; x_wconf 76' lang='lat' dir='ltr'><strong>bonitatumque</strong></span> <span class='ocrx_word' id='word_1_338' title='bbox 613 3103 843 3164; x_wconf 82' lang='lat' dir='ltr'><strong>Ecclesiastico·</strong></span> <span class='ocrx_word' id='word_1_339' title='bbox 898 3094 986 3168; x_wconf 87' lang='grc'><strong>4488,</strong></span> <span class='ocrx_word' id='word_1_340' title='bbox 1011 3095 1042 3155; x_wconf 89' lang='lat' dir='ltr'><strong>t·</strong></span> <span class='ocrx_word' id='word_1_341' title='bbox 1069 3094 1215 3156; x_wconf 88' lang='lat' dir='ltr'><strong>Novemb.</strong></span> <span class='ocrx_word' id='word_1_342' title='bbox 1245 3093 1335 3171; x_wconf 77' lang='lat' dir='ltr'><strong>cuins</strong></span> <span class='ocrx_word' id='word_1_343' title='bbox 1362 3093 1576 3172; x_wconf 80' lang='lat' dir='ltr'><strong>Epitaphium,</strong></span> <span class='ocrx_word' id='word_1_344' title='bbox 1593 3103 1625 3154; x_wconf 89' lang='lat' dir='ltr'><strong>ot</strong></span> 
     </span>
    </p>
   </div>
   <div class='ocr_carea' id='block_1_7' title="bbox 119 3184 1625 3368">
    <p class='ocr_par' dir='ltr' id='par_1_7' title="bbox 119 3184 1625 3368">
     <span class='ocr_line' id='line_1_34' title="bbox 119 3184 1624 3273; baseline -0.007 -15"><span class='ocrx_word' id='word_1_345' title='bbox 119 3214 187 3258; x_wconf 89' lang='lat' dir='ltr'><strong>rum</strong></span> <span class='ocrx_word' id='word_1_346' title='bbox 205 3197 327 3256; x_wconf 89' lang='lat' dir='ltr'><strong>inimico</strong></span> <span class='ocrx_word' id='word_1_347' title='bbox 342 3195 497 3273; x_wconf 79' lang='lat' dir='ltr'><strong>oppositis</strong></span> <span class='ocrx_word' id='word_1_348' title='bbox 512 3193 587 3256; x_wconf 86' lang='lat' dir='ltr'><strong>Vide</strong></span> <span class='ocrx_word' id='word_1_349' title='bbox 603 3194 746 3256; x_wconf 84' lang='lat' dir='ltr'><strong>iacobum</strong></span> <span class='ocrx_word' id='word_1_350' title='bbox 764 3195 843 3266; x_wconf 88' lang='grc'><strong>0444-</strong></span> <span class='ocrx_word' id='word_1_351' title='bbox 897 3187 1114 3270; x_wconf 84' lang='grc' dir='ltr'><strong>44444444444444Ι</strong></span> <span class='ocrx_word' id='word_1_352' title='bbox 1130 3184 1159 3249; x_wconf 88' lang='grc'><strong>8.</strong></span> <span class='ocrx_word' id='word_1_353' title='bbox 1183 3186 1284 3250; x_wconf 77' lang='lat' dir='ltr'><strong>libini</strong></span> <span class='ocrx_word' id='word_1_354' title='bbox 1312 3187 1447 3266; x_wconf 85' lang='lat' dir='ltr'><strong>Epistola</strong></span> <span class='ocrx_word' id='word_1_355' title='bbox 1471 3188 1624 3265; x_wconf 75' lang='lat' dir='ltr'><strong>encyclica</strong></span> 
     </span>
     <span class='ocr_line' id='line_1_35' title="bbox 120 3280 1625 3368; baseline -0.005 -20"><span class='ocrx_word' id='word_1_356' title='bbox 120 3289 158 3351; x_wconf 90' lang='lat' dir='ltr'><strong>til</strong></span> <span class='ocrx_word' id='word_1_357' title='bbox 170 3289 211 3350; x_wconf 87' lang='lat' dir='ltr'><strong>ds</strong></span> <span class='ocrx_word' id='word_1_358' title='bbox 228 3287 435 3368; x_wconf 80' lang='lat' dir='ltr'><strong>scriptoribus</strong></span> <span class='ocrx_word' id='word_1_359' title='bbox 448 3289 651 3350; x_wconf 84' lang='lat' dir='ltr'><strong>Dominicanis</strong></span> <span class='ocrx_word' id='word_1_360' title='bbox 675 3295 747 3348; x_wconf 90' lang='lat' dir='ltr'><strong>torn.</strong></span> <span class='ocrx_word' id='word_1_361' title='bbox 762 3291 773 3348; x_wconf 96' lang='grc'><strong>4</strong></span> <span class='ocrx_word' id='word_1_362' title='bbox 792 3331 799 3363; x_wconf 92' lang='grc'><strong>,</strong></span> <span class='ocrx_word' id='word_1_363' title='bbox 814 3305 842 3368; x_wconf 91' lang='lat' dir='ltr'><strong>p.</strong></span> <span class='ocrx_word' id='word_1_364' title='bbox 897 3281 935 3343; x_wconf 90' lang='lat' dir='ltr'><strong>de</strong></span> <span class='ocrx_word' id='word_1_365' title='bbox 948 3281 1190 3343; x_wconf 85' lang='lat' dir='ltr'><strong>obitullarbodei</strong></span> <span class='ocrx_word' id='word_1_366' title='bbox 1205 3283 1343 3360; x_wconf 87' lang='lat' dir='ltr'><strong>Episcopi</strong></span> <span class='ocrx_word' id='word_1_367' title='bbox 1361 3287 1393 3342; x_wconf 91' lang='lat' dir='ltr'><strong>et</strong></span> <span class='ocrx_word' id='word_1_368' title='bbox 1410 3280 1502 3359; x_wconf 87' lang='lat' dir='ltr'><strong>hujns</strong></span> <span class='ocrx_word' id='word_1_369' title='bbox 1516 3280 1625 3342; x_wconf 86' lang='lat' dir='ltr'><strong>Gerar-</strong></span> 
     </span>
    </p>
   </div>
   <div class='ocr_carea' id='block_1_8' title="bbox 13 3372 1623 3460">
    <p class='ocr_par' dir='ltr' id='par_1_8' title="bbox 13 3372 1623 3460">
     <span class='ocr_line' id='line_1_36' title="bbox 13 3372 1623 3460; baseline -0.007 -15"><span class='ocrx_word' id='word_1_370' title='bbox 13 3393 14 3396; x_wconf 75' lang='grc'>’</span> <span class='ocrx_word' id='word_1_371' title='bbox 121 3385 190 3444; x_wconf 79' lang='grc'><strong>888.</strong></span> <span class='ocrx_word' id='word_1_372' title='bbox 209 3399 277 3460; x_wconf 88' lang='lat' dir='ltr'><strong>seq.</strong></span> <span class='ocrx_word' id='word_1_373' title='bbox 899 3373 948 3448; x_wconf 90' lang='lat' dir='ltr'><strong>di,</strong></span> <span class='ocrx_word' id='word_1_374' title='bbox 973 3381 1075 3436; x_wconf 86' lang='lat' dir='ltr'><strong>exstat</strong></span> <span class='ocrx_word' id='word_1_375' title='bbox 1103 3377 1132 3434; x_wconf 96' lang='lat' dir='ltr'><strong>in</strong></span> <span class='ocrx_word' id='word_1_376' title='bbox 1158 3372 1310 3436; x_wconf 88' lang='lat' dir='ltr'><strong>Edmundi</strong></span> <span class='ocrx_word' id='word_1_377' title='bbox 1339 3377 1471 3436; x_wconf 86' lang='lat' dir='ltr'><strong>hlartene</strong></span> <span class='ocrx_word' id='word_1_378' title='bbox 1496 3379 1567 3436; x_wconf 89' lang='lat' dir='ltr'><strong>tom.</strong></span> <span class='ocrx_word' id='word_1_379' title='bbox 1597 3378 1623 3436; x_wconf 94' lang='grc'><strong>4.</strong></span> 
     </span>
    </p>
   </div>
   <div class='ocr_carea' id='block_1_9' title="bbox 122 3467 1627 3930">
    <p class='ocr_par' dir='ltr' id='par_1_9' title="bbox 122 3467 1627 3930">
     <span class='ocr_line' id='line_1_37' title="bbox 160 3467 1599 3556; baseline -0.01 -18"><span class='ocrx_word' id='word_1_380' title='bbox 160 3475 366 3538; x_wconf 77' lang='grc'><strong>0448440448</strong></span> <span class='ocrx_word' id='word_1_381' title='bbox 379 3478 415 3537; x_wconf 91' lang='grc'><strong>44.</strong></span> <span class='ocrx_word' id='word_1_382' title='bbox 430 3475 468 3538; x_wconf 89' lang='lat' dir='ltr'><strong>de</strong></span> <span class='ocrx_word' id='word_1_383' title='bbox 491 3476 660 3549; x_wconf 87' lang='lat' dir='ltr'><strong>Gordonio,</strong></span> <span class='ocrx_word' id='word_1_384' title='bbox 677 3477 845 3556; x_wconf 89' lang='lat' dir='ltr'><strong>Episcopus</strong></span> <span class='ocrx_word' id='word_1_385' title='bbox 899 3467 1079 3528; x_wconf 82' lang='lat' dir='ltr'><strong>hnecdotor.</strong></span> <span class='ocrx_word' id='word_1_386' title='bbox 1097 3485 1163 3546; x_wconf 80' lang='lat' dir='ltr'><strong>pag.</strong></span> <span class='ocrx_word' id='word_1_387' title='bbox 1182 3469 1249 3530; x_wconf 82' lang='grc'><strong>855.</strong></span> <span class='ocrx_word' id='word_1_388' title='bbox 1269 3468 1336 3530; x_wconf 85' lang='grc'><strong>356.</strong></span> <span class='ocrx_word' id='word_1_389' title='bbox 1370 3491 1373 3498; x_wconf 59' lang='grc'><strong>’</strong></span> <span class='ocrx_word' id='word_1_390' title='bbox 1568 3519 1570 3524; x_wconf 91' lang='grc'><strong>.</strong></span> <span class='ocrx_word' id='word_1_391' title='bbox 1595 3513 1599 3526; x_wconf 91' lang='grc'><em>,</em></span> 
     </span>
     <span class='ocr_line' id='line_1_38' title="bbox 122 3558 1625 3637; baseline -0.004 -6"><span class='ocrx_word' id='word_1_392' title='bbox 122 3568 332 3631; x_wconf 76' lang='lat' dir='ltr'><strong>Godurceneir</strong></span> <span class='ocrx_word' id='word_1_393' title='bbox 351 3571 534 3630; x_wconf 81' lang='lat' dir='ltr'><strong>instaurator</strong></span> <span class='ocrx_word' id='word_1_394' title='bbox 559 3569 681 3632; x_wconf 85' lang='grc'><strong>0444444</strong></span> <span class='ocrx_word' id='word_1_395' title='bbox 702 3569 844 3630; x_wconf 79' lang='lat' dir='ltr'><strong>cononici</strong></span> <span class='ocrx_word' id='word_1_396' title='bbox 941 3559 1145 3623; x_wconf 80' lang='lat' dir='ltr'><strong>GERARDUS</strong></span> <span class='ocrx_word' id='word_1_397' title='bbox 1163 3558 1200 3622; x_wconf 81' lang='lat' dir='ltr'><strong>do</strong></span> <span class='ocrx_word' id='word_1_398' title='bbox 1225 3559 1400 3637; x_wconf 79' lang='grc'><strong>4444444444,</strong></span> <span class='ocrx_word' id='word_1_399' title='bbox 1428 3565 1625 3626; x_wconf 79' lang='lat' dir='ltr'><strong>Cenomensis</strong></span> 
     </span>
     <span class='ocr_line' id='line_1_39' title="bbox 122 3653 1624 3742; baseline -0.005 -21"><span class='ocrx_word' id='word_1_400' title='bbox 122 3665 152 3722; x_wconf 94' lang='grc'><strong>44</strong></span> <span class='ocrx_word' id='word_1_401' title='bbox 170 3661 301 3725; x_wconf 85' lang='lat' dir='ltr'><strong>Basilice</strong></span> <span class='ocrx_word' id='word_1_402' title='bbox 313 3661 347 3723; x_wconf 88' lang='grc'><strong>8.</strong></span> <span class='ocrx_word' id='word_1_403' title='bbox 359 3662 505 3742; x_wconf 83' lang='lat' dir='ltr'><strong>Stephani</strong></span> <span class='ocrx_word' id='word_1_404' title='bbox 520 3662 578 3724; x_wconf 80' lang='lat' dir='ltr'><strong>An.</strong></span> <span class='ocrx_word' id='word_1_405' title='bbox 597 3664 684 3724; x_wconf 89' lang='grc'><strong>4090.</strong></span> <span class='ocrx_word' id='word_1_406' title='bbox 701 3665 729 3739; x_wconf 83' lang='lat' dir='ltr'><strong>a)</strong></span> <span class='ocrx_word' id='word_1_407' title='bbox 750 3663 848 3724; x_wconf 78' lang='lat' dir='ltr'><strong>Testo-</strong></span> <span class='ocrx_word' id='word_1_408' title='bbox 900 3654 1056 3716; x_wconf 83' lang='lat' dir='ltr'><strong>Ecclesiae</strong></span> <span class='ocrx_word' id='word_1_409' title='bbox 1082 3655 1269 3729; x_wconf 77' lang='lat' dir='ltr'><strong>canonicus,</strong></span> <span class='ocrx_word' id='word_1_410' title='bbox 1287 3653 1375 3733; x_wconf 85' lang='lat' dir='ltr'><strong>cujus</strong></span> <span class='ocrx_word' id='word_1_411' title='bbox 1399 3655 1568 3718; x_wconf 66' lang='lat' dir='ltr'><strong>Cleonicus</strong></span> <span class='ocrx_word' id='word_1_412' title='bbox 1595 3659 1624 3714; x_wconf 90' lang='grc'><strong>44</strong></span> 
     </span>
     <span class='ocr_line' id='line_1_40' title="bbox 122 3747 1627 3835; baseline -0.007 -17"><span class='ocrx_word' id='word_1_413' title='bbox 122 3761 256 3818; x_wconf 66' lang='lat' dir='ltr'><strong>marm</strong></span> <span class='ocrx_word' id='word_1_414' title='bbox 269 3759 337 3832; x_wconf 78' lang='lat' dir='ltr'><strong>eius</strong></span> <span class='ocrx_word' id='word_1_415' title='bbox 353 3755 433 3835; x_wconf 87' lang='lat' dir='ltr'><strong>apud</strong></span> <span class='ocrx_word' id='word_1_416' title='bbox 453 3756 630 3818; x_wconf 85' lang='lat' dir='ltr'><strong>Becheriom</strong></span> <span class='ocrx_word' id='word_1_417' title='bbox 648 3765 722 3818; x_wconf 90' lang='lat' dir='ltr'><strong>torn.</strong></span> <span class='ocrx_word' id='word_1_418' title='bbox 736 3758 763 3817; x_wconf 91' lang='grc'><strong>8.</strong></span> <span class='ocrx_word' id='word_1_419' title='bbox 783 3755 848 3834; x_wconf 87' lang='lat' dir='ltr'><strong>Spi-</strong></span> <span class='ocrx_word' id='word_1_420' title='bbox 902 3749 959 3810; x_wconf 85' lang='lat' dir='ltr'><strong>An.</strong></span> <span class='ocrx_word' id='word_1_421' title='bbox 978 3747 1064 3810; x_wconf 88' lang='grc'><strong>4874.</strong></span> <span class='ocrx_word' id='word_1_422' title='bbox 1080 3747 1224 3810; x_wconf 84' lang='grc'><strong>44444444</strong></span> <span class='ocrx_word' id='word_1_423' title='bbox 1248 3749 1380 3828; x_wconf 78' lang='lat' dir='ltr'><strong>cangius</strong></span> <span class='ocrx_word' id='word_1_424' title='bbox 1403 3751 1518 3812; x_wconf 88' lang='lat' dir='ltr'><strong>evolvit</strong></span> <span class='ocrx_word' id='word_1_425' title='bbox 1530 3752 1561 3811; x_wconf 90' lang='grc'><strong>44</strong></span> <span class='ocrx_word' id='word_1_426' title='bbox 1575 3751 1627 3812; x_wconf 90' lang='lat' dir='ltr'><strong>Bi-</strong></span> 
     </span>
     <span class='ocr_line' id='line_1_41' title="bbox 122 3841 1626 3930; baseline -0.007 -18"><span class='ocrx_word' id='word_1_427' title='bbox 122 3847 747 3930; x_wconf 77' lang='lat' dir='ltr'><strong>cilsgiipsg.ldl.(editnoraetom.3,p</strong></span> <span class='ocrx_word' id='word_1_428' title='bbox 769 3851 847 3925; x_wconf 81' lang='grc'><strong>448.)</strong></span> <span class='ocrx_word' id='word_1_429' title='bbox 904 3841 1007 3904; x_wconf 92' lang='lat' dir='ltr'><strong>hlioth.</strong></span> <span class='ocrx_word' id='word_1_430' title='bbox 1035 3842 1177 3902; x_wconf 89' lang='lat' dir='ltr'><strong>Puteana.</strong></span> <span class='ocrx_word' id='word_1_431' title='bbox 1204 3841 1344 3903; x_wconf 84' lang='lat' dir='ltr'><strong>oudinus</strong></span> <span class='ocrx_word' id='word_1_432' title='bbox 1368 3849 1470 3904; x_wconf 84' lang='lat' dir='ltr'><strong>autem</strong></span> <span class='ocrx_word' id='word_1_433' title='bbox 1497 3849 1570 3903; x_wconf 93' lang='lat' dir='ltr'><strong>torn.</strong></span> <span class='ocrx_word' id='word_1_434' title='bbox 1588 3844 1626 3915; x_wconf 88' lang='grc'><strong>3,</strong></span> 
     </span>
    </p>
   </div>
   <div class='ocr_carea' id='block_1_10' title="bbox 164 3933 1748 4023">
    <p class='ocr_par' dir='ltr' id='par_1_10' title="bbox 164 3933 1748 4023">
     <span class='ocr_line' id='line_1_42' title="bbox 164 3933 1748 4023; baseline -0.005 -18"><span class='ocrx_word' id='word_1_435' title='bbox 164 3943 727 4023; x_wconf 69' lang='grc'><strong>88444404484444444444844444444</strong></span> <span class='ocrx_word' id='word_1_436' title='bbox 738 3942 848 4006; x_wconf 90' lang='lat' dir='ltr'><strong>ibidem</strong></span> <span class='ocrx_word' id='word_1_437' title='bbox 903 3952 969 4014; x_wconf 72' lang='lat' dir='ltr'><strong>pag·</strong></span> <span class='ocrx_word' id='word_1_438' title='bbox 988 3935 1056 3998; x_wconf 71' lang='lat'><strong>582</strong></span> <span class='ocrx_word' id='word_1_439' title='bbox 1079 3939 1210 3996; x_wconf 73' lang='lat' dir='ltr'><strong>testatur</strong></span> <span class='ocrx_word' id='word_1_440' title='bbox 1226 3935 1255 3994; x_wconf 84' lang='lat' dir='ltr'><strong>in</strong></span> <span class='ocrx_word' id='word_1_441' title='bbox 1274 3933 1347 3996; x_wconf 89' lang='lat' dir='ltr'><strong>Bibl.</strong></span> <span class='ocrx_word' id='word_1_442' title='bbox 1365 3937 1454 4015; x_wconf 79' lang='lat' dir='ltr'><strong>hogis</strong></span> <span class='ocrx_word' id='word_1_443' title='bbox 1473 3935 1625 3999; x_wconf 74' lang='lat' dir='ltr'><strong>cbrtstts·</strong></span> <span class='ocrx_word' id='word_1_444' title='bbox 1745 3941 1748 3946; x_wconf 87' lang='lat'>&#39;</span> 
     </span>
    </p>
   </div>
   <div class='ocr_carea' id='block_1_11' title="bbox 123 4026 1671 4586">
    <p class='ocr_par' dir='ltr' id='par_1_11' title="bbox 123 4026 1671 4398">
     <span class='ocr_line' id='line_1_43' title="bbox 123 4026 1624 4116; baseline -0.009 -16"><span class='ocrx_word' id='word_1_445' title='bbox 123 4037 330 4100; x_wconf 89' lang='lat' dir='ltr'><strong>Cadurcensis</strong></span> <span class='ocrx_word' id='word_1_446' title='bbox 350 4055 404 4116; x_wconf 77' lang='grc'><strong>444</strong></span> <span class='ocrx_word' id='word_1_447' title='bbox 426 4054 523 4098; x_wconf 88' lang='lat' dir='ltr'><strong>annus</strong></span> <span class='ocrx_word' id='word_1_448' title='bbox 544 4035 677 4114; x_wconf 88' lang='lat' dir='ltr'><strong>amplius</strong></span> <span class='ocrx_word' id='word_1_449' title='bbox 702 4038 851 4115; x_wconf 82' lang='lat' dir='ltr'><strong>quinqua·</strong></span> <span class='ocrx_word' id='word_1_450' title='bbox 904 4029 1020 4088; x_wconf 88' lang='lat' dir='ltr'><strong>nissimi</strong></span> <span class='ocrx_word' id='word_1_451' title='bbox 1035 4026 1106 4091; x_wconf 85' lang='lat' dir='ltr'><strong>Cod.</strong></span> <span class='ocrx_word' id='word_1_452' title='bbox 1126 4028 1212 4089; x_wconf 88' lang='grc'><strong>4534.</strong></span> <span class='ocrx_word' id='word_1_453' title='bbox 1228 4027 1389 4107; x_wconf 86' lang='lat' dir='ltr'><strong>procedere</strong></span> <span class='ocrx_word' id='word_1_454' title='bbox 1404 4028 1552 4107; x_wconf 89' lang='lat' dir='ltr'><strong>usquead</strong></span> <span class='ocrx_word' id='word_1_455' title='bbox 1567 4029 1624 4088; x_wconf 80' lang='grc'><strong>44.</strong></span> 
     </span>
     <span class='ocr_line' id='line_1_44' title="bbox 123 4119 1671 4212; baseline -0.01 -16"><span class='ocrx_word' id='word_1_456' title='bbox 123 4135 227 4212; x_wconf 78' lang='lat' dir='ltr'><strong>ginta,</strong></span> <span class='ocrx_word' id='word_1_457' title='bbox 245 4132 391 4210; x_wconf 81' lang='lat' dir='ltr'><strong>quidiem</strong></span> <span class='ocrx_word' id='word_1_458' title='bbox 408 4131 481 4193; x_wconf 90' lang='lat' dir='ltr'><strong>obiit</strong></span> <span class='ocrx_word' id='word_1_459' title='bbox 498 4132 554 4193; x_wconf 83' lang='grc'><strong>44</strong></span> <span class='ocrx_word' id='word_1_460' title='bbox 583 4131 671 4192; x_wconf 90' lang='grc'><strong>4800.</strong></span> <span class='ocrx_word' id='word_1_461' title='bbox 689 4129 849 4207; x_wconf 75' lang='lat' dir='ltr'><strong>liuiusest</strong></span> <span class='ocrx_word' id='word_1_462' title='bbox 906 4120 1203 4199; x_wconf 62' lang='lat' dir='ltr'><strong>nescientemque</strong></span> <span class='ocrx_word' id='word_1_463' title='bbox 1230 4121 1315 4180; x_wconf 87' lang='lat' dir='ltr'><strong>lvonl</strong></span> <span class='ocrx_word' id='word_1_464' title='bbox 1338 4119 1376 4182; x_wconf 90' lang='lat' dir='ltr'><strong>de</strong></span> <span class='ocrx_word' id='word_1_465' title='bbox 1402 4121 1555 4196; x_wconf 88' lang='lat' dir='ltr'><strong>Chasent,</strong></span> <span class='ocrx_word' id='word_1_466' title='bbox 1572 4123 1623 4198; x_wconf 89' lang='lat' dir='ltr'><strong>qui</strong></span> <span class='ocrx_word' id='word_1_467' title='bbox 1668 4168 1671 4180; x_wconf 80' lang='grc'><strong>.</strong></span> 
     </span>
     <span class='ocr_line' id='line_1_45' title="bbox 123 4213 1628 4305; baseline -0.009 -19"><span class='ocrx_word' id='word_1_468' title='bbox 123 4225 261 4305; x_wconf 84' lang='lat' dir='ltr'><strong>Epistola</strong></span> <span class='ocrx_word' id='word_1_469' title='bbox 278 4225 316 4286; x_wconf 92' lang='lat' dir='ltr'><strong>ad</strong></span> <span class='ocrx_word' id='word_1_470' title='bbox 333 4225 518 4286; x_wconf 81' lang='lat' dir='ltr'><strong>Bridericum</strong></span> <span class='ocrx_word' id='word_1_471' title='bbox 544 4225 618 4304; x_wconf 88' lang='lat' dir='ltr'><strong>lmp.</strong></span> <span class='ocrx_word' id='word_1_472' title='bbox 637 4223 707 4286; x_wconf 92' lang='lat' dir='ltr'><strong>data</strong></span> <span class='ocrx_word' id='word_1_473' title='bbox 721 4239 759 4288; x_wconf 84' lang='grc'><strong>44</strong></span> <span class='ocrx_word' id='word_1_474' title='bbox 777 4224 850 4284; x_wconf 83' lang='lat' dir='ltr'><strong>Car·</strong></span> <span class='ocrx_word' id='word_1_475' title='bbox 904 4233 943 4276; x_wconf 81' lang='lat' dir='ltr'><strong>ex</strong></span> <span class='ocrx_word' id='word_1_476' title='bbox 960 4217 1060 4276; x_wconf 87' lang='lat' dir='ltr'><strong>Priore</strong></span> <span class='ocrx_word' id='word_1_477' title='bbox 1077 4217 1121 4278; x_wconf 90' lang='lat' dir='ltr'><strong>St.</strong></span> <span class='ocrx_word' id='word_1_478' title='bbox 1140 4216 1257 4278; x_wconf 88' lang='grc'><strong>44444444</strong></span> <span class='ocrx_word' id='word_1_479' title='bbox 1279 4215 1370 4275; x_wconf 88' lang='lat' dir='ltr'><strong>Paris.</strong></span> <span class='ocrx_word' id='word_1_480' title='bbox 1389 4213 1489 4276; x_wconf 85' lang='lat' dir='ltr'><strong>hbbas</strong></span> <span class='ocrx_word' id='word_1_481' title='bbox 1505 4215 1628 4276; x_wconf 84' lang='lat' dir='ltr'><strong>Clunia-</strong></span> 
     </span>
     <span class='ocr_line' id='line_1_46' title="bbox 123 4308 1231 4398; baseline -0.004 -18"><span class='ocrx_word' id='word_1_482' title='bbox 123 4335 194 4380; x_wconf 90' lang='lat' dir='ltr'><strong>cere</strong></span> <span class='ocrx_word' id='word_1_483' title='bbox 218 4317 276 4380; x_wconf 78' lang='lat' dir='ltr'><strong>An.</strong></span> <span class='ocrx_word' id='word_1_484' title='bbox 302 4320 389 4380; x_wconf 83' lang='grc'><strong>4458</strong></span> <span class='ocrx_word' id='word_1_485' title='bbox 403 4317 487 4398; x_wconf 89' lang='lat' dir='ltr'><strong>apud</strong></span> <span class='ocrx_word' id='word_1_486' title='bbox 514 4317 644 4380; x_wconf 90' lang='lat' dir='ltr'><strong>eundem</strong></span> <span class='ocrx_word' id='word_1_487' title='bbox 669 4317 850 4380; x_wconf 88' lang='lat' dir='ltr'><strong>Daoherium</strong></span> <span class='ocrx_word' id='word_1_488' title='bbox 904 4309 1124 4372; x_wconf 70' lang='lat' dir='ltr'><strong>censisobhn</strong></span> <span class='ocrx_word' id='word_1_489' title='bbox 1144 4308 1231 4374; x_wconf 76' lang='grc'><strong>4875</strong></span> 
     </span>
    </p>

    <p class='ocr_par' dir='ltr' id='par_1_12' title="bbox 124 4358 1627 4586">
     <span class='ocr_line' id='line_1_47' title="bbox 124 4358 1627 4502; baseline -0.006 -27"><span class='ocrx_word' id='word_1_490' title='bbox 124 4421 200 4474; x_wconf 90' lang='lat' dir='ltr'><strong>toro.</strong></span> <span class='ocrx_word' id='word_1_491' title='bbox 228 4413 270 4486; x_wconf 89' lang='grc'><strong>8,</strong></span> <span class='ocrx_word' id='word_1_492' title='bbox 296 4429 363 4502; x_wconf 74' lang='lat' dir='ltr'><strong>pag.</strong></span> <span class='ocrx_word' id='word_1_493' title='bbox 386 4413 453 4474; x_wconf 88' lang='grc'><strong>408.</strong></span> <span class='ocrx_word' id='word_1_494' title='bbox 487 4409 567 4488; x_wconf 87' lang='lat' dir='ltr'><strong>(edit.</strong></span> <span class='ocrx_word' id='word_1_495' title='bbox 594 4427 689 4472; x_wconf 85' lang='lat' dir='ltr'><strong>novas</strong></span> <span class='ocrx_word' id='word_1_496' title='bbox 716 4418 787 4472; x_wconf 88' lang='lat' dir='ltr'><strong>tom.</strong></span> <span class='ocrx_word' id='word_1_497' title='bbox 811 4412 848 4486; x_wconf 91' lang='grc'><strong>8</strong></span> <span class='ocrx_word' id='word_1_498' title='bbox 945 4405 1148 4468; x_wconf 78' lang='lat' dir='ltr'><strong>GEBABBUS</strong></span> <span class='ocrx_word' id='word_1_499' title='bbox 1165 4404 1362 4484; x_wconf 79' lang='lat' dir='ltr'><strong>Augustanus</strong></span> <span class='ocrx_word' id='word_1_500' title='bbox 1377 4358 1627 4482; x_wconf 83' lang='lat' dir='ltr'><strong>Presbyteroiroa</strong></span> 
     </span>
     <span class='ocr_line' id='line_1_48' title="bbox 124 4494 1626 4586; baseline -0.006 -19"><span class='ocrx_word' id='word_1_501' title='bbox 124 4524 194 4586; x_wconf 75' lang='lat' dir='ltr'><strong>pag.</strong></span> <span class='ocrx_word' id='word_1_502' title='bbox 210 4507 289 4580; x_wconf 86' lang='grc'><strong>549.)</strong></span> <span class='ocrx_word' id='word_1_503' title='bbox 789 4532 792 4542; x_wconf 84' lang='grc'><strong><em>·</em></strong></span> <span class='ocrx_word' id='word_1_504' title='bbox 905 4495 1027 4560; x_wconf 78' lang='lat' dir='ltr'><strong>Annum</strong></span> <span class='ocrx_word' id='word_1_505' title='bbox 1046 4497 1115 4558; x_wconf 91' lang='grc'><strong>980.</strong></span> <span class='ocrx_word' id='word_1_506' title='bbox 1120 4497 1308 4578; x_wconf 88' lang='lat' dir='ltr'><strong>scripsitde</strong></span> <span class='ocrx_word' id='word_1_507' title='bbox 1338 4497 1447 4558; x_wconf 83' lang='lat' dir='ltr'><strong>Vitoet</strong></span> <span class='ocrx_word' id='word_1_508' title='bbox 1468 4494 1626 4560; x_wconf 78' lang='grc'><strong>4444444444</strong></span> 
     </span>
    </p>
   </div>
   <div class='ocr_carea' id='block_1_12' title="bbox 167 4587 1625 4749">
    <p class='ocr_par' dir='ltr' id='par_1_13' title="bbox 167 4587 1625 4749">
     <span class='ocr_line' id='line_1_49' title="bbox 167 4587 1625 4676; baseline -0.009 -16"><span class='ocrx_word' id='word_1_509' title='bbox 167 4599 370 4661; x_wconf 74' lang='lat' dir='ltr'><strong>canachus</strong></span> <span class='ocrx_word' id='word_1_510' title='bbox 386 4599 501 4676; x_wconf 80' lang='lat' dir='ltr'><strong>itherii,</strong></span> <span class='ocrx_word' id='word_1_511' title='bbox 519 4601 602 4660; x_wconf 81' lang='lat' dir='ltr'><strong>Prior</strong></span> <span class='ocrx_word' id='word_1_512' title='bbox 620 4595 851 4660; x_wconf 77' lang='lat' dir='ltr'><strong>Grandimooto·</strong></span> <span class='ocrx_word' id='word_1_513' title='bbox 906 4587 1085 4663; x_wconf 82' lang='lat' dir='ltr'><strong>S.Udolrici,</strong></span> <span class='ocrx_word' id='word_1_514' title='bbox 1090 4589 1243 4668; x_wconf 78' lang='lat' dir='ltr'><strong>Aopustoe</strong></span> <span class='ocrx_word' id='word_1_515' title='bbox 1257 4589 1534 4671; x_wconf 71' lang='lat' dir='ltr'><strong>VdrdolicorumEpr</strong></span> <span class='ocrx_word' id='word_1_516' title='bbox 1535 4588 1625 4670; x_wconf 82' lang='lat' dir='ltr'><strong>scopi.</strong></span> 
     </span>
     <span class='ocr_line' id='line_1_50' title="bbox 905 4680 1625 4749; baseline -0.003 -5"><span class='ocrx_word' id='word_1_517' title='bbox 905 4681 1043 4744; x_wconf 82' lang='grc'><strong>44978.</strong></span> <span class='ocrx_word' id='word_1_518' title='bbox 1058 4680 1190 4744; x_wconf 76' lang='lat' dir='ltr'><strong>defuncti</strong></span> <span class='ocrx_word' id='word_1_519' title='bbox 1205 4689 1296 4744; x_wconf 86' lang='lat' dir='ltr'><strong>aetat.</strong></span> <span class='ocrx_word' id='word_1_520' title='bbox 1311 4683 1625 4749; x_wconf 80' lang='grc'><strong>88440444444444454</strong></span> 
     </span>
    </p>
   </div>
   <div class='ocr_carea' id='block_1_13' title="bbox 170 4775 1627 4862">
    <p class='ocr_par' dir='ltr' id='par_1_14' title="bbox 170 4775 1627 4862">
     <span class='ocr_line' id='line_1_51' title="bbox 170 4775 1627 4862; baseline -0.002 -21"><span class='ocrx_word' id='word_1_521' title='bbox 170 4797 197 4858; x_wconf 62' lang='grc'><strong>4)</strong></span> <span class='ocrx_word' id='word_1_522' title='bbox 215 4797 398 4848; x_wconf 63' lang='grc'><strong>4444444444</strong></span> <span class='ocrx_word' id='word_1_523' title='bbox 416 4806 435 4850; x_wconf 72' lang='lat'>2</span> <span class='ocrx_word' id='word_1_524' title='bbox 451 4799 468 4847; x_wconf 74' lang='grc'><strong>4</strong></span> <span class='ocrx_word' id='word_1_525' title='bbox 486 4798 582 4848; x_wconf 65' lang='lat' dir='ltr'><strong>min„</strong></span> <span class='ocrx_word' id='word_1_526' title='bbox 600 4801 692 4851; x_wconf 62' lang='grc'><strong>(44.4</strong></span> <span class='ocrx_word' id='word_1_527' title='bbox 710 4812 735 4862; x_wconf 59' lang='lat'>9</span> <span class='ocrx_word' id='word_1_528' title='bbox 747 4796 802 4849; x_wconf 87' lang='lat' dir='ltr'><strong>too</strong></span> <span class='ocrx_word' id='word_1_529' title='bbox 812 4796 839 4849; x_wconf 88' lang='lat' dir='ltr'><strong>b</strong></span> <span class='ocrx_word' id='word_1_530' title='bbox 906 4775 976 4836; x_wconf 90' lang='lat' dir='ltr'><strong>Sine</strong></span> <span class='ocrx_word' id='word_1_531' title='bbox 999 4776 1120 4838; x_wconf 88' lang='lat' dir='ltr'><strong>nomine</strong></span> <span class='ocrx_word' id='word_1_532' title='bbox 1136 4779 1268 4840; x_wconf 86' lang='lat' dir='ltr'><strong>auctoris</strong></span> <span class='ocrx_word' id='word_1_533' title='bbox 1284 4778 1385 4838; x_wconf 83' lang='grc'><strong>44444444</strong></span> <span class='ocrx_word' id='word_1_534' title='bbox 1400 4793 1419 4838; x_wconf 84' lang='grc'><strong>4</strong></span> <span class='ocrx_word' id='word_1_535' title='bbox 1444 4779 1542 4841; x_wconf 79' lang='lat' dir='ltr'><strong>blame</strong></span> <span class='ocrx_word' id='word_1_536' title='bbox 1560 4777 1627 4845; x_wconf 81' lang='lat' dir='ltr'><strong>Vel·</strong></span> 
     </span>
    </p>
   </div>
   <div class='ocr_carea' id='block_1_14' title="bbox 0 0 1789 5582">
    <p class='ocr_par' dir='ltr' id='par_1_15' title="bbox 0 0 1789 5582">
     <span class='ocr_line' id='line_1_52' title="bbox 0 0 1789 5582; baseline 0 0"><span class='ocrx_word' id='word_1_537' title='bbox 0 0 1789 5582; x_wconf 95' lang='lat' dir='ltr'><strong> </strong></span> 
     </span>
    </p>
   </div>
  </div>
 </body>
</html>
