3624 5600
215 92 319 154 „tra
869 89 1147 156 IULIANUS

259 199 362 262 4444444
378 197 557 278 depotentia
570 194 661 258 liberi
674 193 817 272 arbitrii,
834 197 978 278 qimanda
1037 201 1139 262 minus
1155 199 1235 264 idem
1253 204 1293 263 sit
1310 205 1459 266 Pomanus
1482 203 1517 264 ad
1531 211 1610 282 quem
1625 207 1705 268 Enna
1772 239 1773 264 r

258 290 494 372 sentiatpnndit.
517 291 609 367 04444
629 289 890 353 videlieet-librum
907 310 978 353 4444-
1033 292 1102 354 4444
1119 293 1167 353 lib.
1196 296 1223 356 4.
1241 295 1336 376 Epist.
1366 297 1394 356 4.
1416 303 1450 356 et
1469 298 1608 360 Pomanus
1625 299 1704 362 44444
1772 281 1773 300 ’

256 385 331 447 nulli
356 391 492 446 nostrum
509 383 643 445 studiose
660 383 804 463 tepentes,
826 385 926 446 saneti
949 389 978 447 et
1031 385 1069 446 ud
1090 403 1182 464 quem
1198 389 1335 450 Ruricius
1350 391 1399 451 tib.
1420 393 1431 451 4
1456 390 1704 468 linostimis

257 477 404 544 Catholici
424 476 559 538 aectoris
588 479 762 556 Hieronymi
783 495 847 540 csse
868 483 977 540 44444444
1031 480 1059 540 2.
1081 479 1178 558 Epist.
1200 483 1271 544 944
1289 483 1407 562 dequo
1427 483 1475 544 liu
1496 484 1522 546 2.
1542 485 1704 563 lipianum
1772 469 1773 510 ³

255 573 462 648 ardr'tranlur,
476 571 597 632 minime
607 571 797 650 pervidentes
813 571 893 652 quod
905 589 976 634 sua-
1031 571 1174 634 AEonium
1191 575 1378 655 Episcopum
1388 576 1582 639 Arelatensem
1593 623 1602 650 ,
1615 583 1645 637 ut
1654 575 1704 656 444·

254 669 333 730 vitas
348 666 537 750 *eloquentiae
553 663 748 725 demulcentis
769 669 798 724 et
819 664 976 726 haereseos
1031 669 1118 727 trcm‘
1138 669 1306 732 Pometiam
1335 669 1477 730 sanctitas
1494 675 1590 731 444444
1605 686 1654 729 non
1670 687 1704 732 44

249 759 438 844 peruersitas
447 759 625 834 seducentis,
637 756 794 838 manifeste
801 756 913 838 protom
921 758 974 819 troc
1031 757 1092 820 lum
1108 776 1166 820 non
1184 761 1330 837 retineat,
1343 779 1449 825 444444
1463 763 1548 824 enam
1562 761 1600 822 ad
1611 779 1655 824 nos
1667 781 1704 824 oe

251 853 334 918 idias
360 852 536 936 opinantem
562 869 621 913 non
646 869 718 912 csse.
740 851 806 913 Non
836 853 974 932 intelligit
1028 851 1096 913 nire
1115 853 1277 933 compellat.
1295 855 1393 934 Atque
1409 857 1568 935 Cyprianus
1587 855 1703 916 Tolonen·

250 950 331 1012 Beda
348 949 514 1029 Epistulam
528 947 576 1008 ⁴ad
600 945 822 1008 Demetriadem
848 947 874 1021 4)
894 963 973 1025 quae
1028 948 1071 1007 sis
1103 949 1133 1008 in
1156 951 1218 1010 vita
1239 949 1370 1010 Caesarii
1390 948 1504 1010 444444.
1536 949 1607 1008 Erat
1627 954 1703 1009 aona

253 1045 375 1122 (scripta
388 1043 468 1102 eirca
479 1057 527 1101 an.
540 1039 620 1113 444.)
633 1043 712 1101 44444
726 1041 972 1118 Hieronymianas
1027 1038 1088 1101 illos
1114 1039 1274 1104 admodum
1294 1041 1459 1123 familiaris
1478 1042 1637 1113 amnia,
1650 1059 1703 1121 pro

250 1145 359 1198 octavo
386 1137 452 1196 loco
478 1135 608 1213 legitur,
626 1139 719 1213 atque
743 1135 864 1213 incipit:
894 1133 971 1194 inter
1024 1133 1152 1216 sessione
1172 1134 1299 1212 illator,
1318 1135 1534 1218 Aserpenere,
1553 1135 1702 1215 quenipsis
1772 1159 1773 1186 4

250 1247 350 1291 omnes
366 1228 531 1303 mataras,
547 1228 600 1288 sed
620 1229 702 1289 illam
720 1245 798 1307 quoe
815 1245 853 1289 ex
867 1228 971 1308 Augu·
1024 1225 1222 1306 sinpatariter
1241 1245 1346 1290 carum
1363 1229 1577 1296 Grammaticus
1590 1227 1655 1288 artis
1665 1226 1701 1288 do

250 1327 321 1386 atini
334 1369 341 1398 ,
365 1323 462 1384 Orosii
487 1329 519 1382 et
542 1321 652 1401 Pelagii
677 1324 772 1400 ipsius
797 1324 971 1382 testimonio
1024 1321 1124 1381 444444
1139 1319 1289 1382 rudebat.
1305 1323 1435 1384 isidorus
1452 1325 1539 1382 etiam
1552 1320 1700 1382 4444444444·
1772 1349 1773 1382 r

250 1423 371 1478 constat
384 1415 579 1477 PELAGlUli
595 1415 871 1477 habereauctorem
885 1461 892 1492 ‚
907 1423 968 1476 est·
1023 1415 1086 1476 lum
1107 1411 1144 1474 da
1161 1411 1330 1494 4449444544
1350 1413 1534 1476 moneas
1552 1415 1699 1490 scripsisse,
1772 1399 1773 1408 ’

237 1521 309 1588 que
330 1509 447 1571 decima
474 1511 602 1588 septima
622 1511 652 1568 in
670 1508 834 1587 appendice
861 1508 898 1570 ad
922 1516 968 1568 to-
1022 1514 1055 1568 et
1067 1509 1142 1569 alios
1158 1506 1411 1588 tresdefutaraa
1426 1503 1699 1585 cinomannicis
1772 1581 1773 1588 ἶ

132 1652 143 1660 .
250 1619 334 1664 mum
350 1601 518 1664 secundum
538 1603 594 1681 Op.
608 1601 780 1680 Augustini,
795 1602 851 1664 hoe
863 1605 965 1663 initio:
1021 1617 1058 1662 ne
1079 1601 1333 1663 sivedeactnati
1350 1601 1567 1664 concertatione
1585 1598 1699 1660 4444444

250 1698 286 1758 Si
297 1713 415 1758 summo
433 1694 549 1775 inpendo
563 1695 693 1776 parr'que
706 1693 806 1776 fretus
820 1695 952 1756 seientia.
1023 1711 1096 1756 num
1110 1694 1291 1774 Episcopum
1309 1695 1523 1756 Arelatensem.
1539 1696 1572 1756 444
1586 1699 1648 1754 sunt
1663 1691 1700 1768 qd

288 1789 469 1852 tULiANOS
487 1789 643 1850 donatos
663 1789 741 1850 duos
771 1791 818 1850 val
846 1797 909 1852 tres
925 1791 969 1852 di·
1023 1788 1081 1850 sub
1097 1787 1282 1850 PROSPERI
1300 1788 1440 1868 Aquitani
1454 1789 1570 1849 nomine
1582 1785 1700 1864 atetoliu
1772 1855 1773 1868 χ

247 1885 357 1946 atinate
375 1883 486 1944 reterre
494 1881 593 1963 juvat.
607 1883 767 1962 Antiquior
786 1891 817 1945 et
831 1892 903 1946 4444
917 1902 968 1946 44.
1022 1883 1091 1944 lecti
1112 1899 1128 1942 a
1150 1881 1383 1962 Ghrodogango,
1408 1884 1482 1942 lona
1504 1879 1701 1952 Aurelianensi,

247 1980 314 2039 495.
331 1977 411 2056 apud
429 1975 619 2038 Gennadium
637 1993 703 2057 cap.
721 1979 769 2038 98.
785 1980 968 2040 omissotu-
1022 1975 1218 2053 aliisqueret
1235 1977 1394 2056 separatim
1411 1974 1466 2035 An.
1485 1973 1569 2035 4487.
1581 1977 1610 2031 44
1622 1970 1701 2032 Goion
1772 2027 1773 2060 ἦ

247 2071 323 2132 liane'
339 2084 478 2132 nomine:
497 2069 550 2131 sed
571 2070 682 2132 isidoro
702 2087 766 2150 cap.
790 2073 836 2134 tn
854 2073 966 2134 diserte
1022 2069 1110 2130 4536.
1130 2067 1158 2127 8.
1180 2075 1271 2146 atque
1300 2069 1378 2128 inter
1399 2070 1530 2145 Prosperi
1551 2078 1631 2144 opera
1646 2062 1700 2122 editi

243 2163 384 2227 lulianus
416 2171 605 2245 capnomenta
636 2166 812 2240 Parnasius,
844 2169 965 2228 natione
1021 2167 1114 2234 aunt,
1136 2167 1168 2220 44
1183 2161 1211 2218 in
1229 2159 1422 2222 Bibliotheois
1442 2161 1560 2220 Petrum
1575 2164 1604 2218 44
1617 2158 1642 2216 44
1661 2171 1700 2214 no
1772 2207 1773 2238 p

177 2269 181 2278 “
242 2263 384 2333 Maurus,
407 2263 435 2319 in
458 2259 553 2320 Gallia
574 2261 753 2338 presbyter,
775 2262 896 2338 scripsit
919 2275 966 2320 re-
1020 2257 1143 2316 vissima
1166 2255 1299 2332 44444444
1317 2253 1445 2314 editione
1467 2255 1495 2312 in
1515 2252 1543 2328 4))
1559 2251 1700 2324 limineap
1772 2273 1773 2308 r

245 2367 414 2433 sponsurus
439 2353 559 2414 tuliano
579 2353 728 2432 Episcopo
749 2360 788 2414 et'
801 2355 877 2415 Vero
898 2357 967 2416 Pre-
1019 2349 1170 2430 pendicis,
1186 2349 1276 2408 Paris.
1295 2345 1384 2409 4744.
1400 2347 1448 2406 444.
1465 2342 1700 2407 Coniarllorisiun

246 2447 388 2524 sbytern‚
412 2453 516 2524 postea
543 2447 691 2524 Episcopo
719 2445 904 2510 Arausioano
931 2447 965 2508 ti-
1021 2443 1057 2503 ll.
1075 2443 1123 2503 44.
1141 2441 1209 2502 hist
1228 2440 1400 2520 Pelagianos
1413 2447 1445 2500 44
1460 2439 1578 2516 sagium
1590 2433 1623 2498 ad
1636 2433 1699 2496 lc.

246 2537 318 2601 loros
344 2543 407 2600 octo
424 2539 460 2600 de
482 2544 597 2600 natura
619 2539 757 2611 ammae,
776 2539 965 2621 etqualitate
1021 2536 1088 2597 453.
1115 2552 1145 2594 a.
1169 2535 1216 2596 49.
1243 2533 1398 2612 prologum
1419 2531 1546 2593 alterum
1563 2544 1642 2608 quen
1657 2527 1699 2587 lla·

243 2631 357 2712 ejusde
373 2632 596 2692 resurrectione
617 2633 643 2709 4)
665 2640 697 2693 44
716 2633 755 2694 de
776 2619 963 2713 specialitate
1018 2628 1138 2689 charius
1167 2626 1261 2689 edidit
1281 2632 1304 2686 4.
1325 2628 1372 2687 43.
1393 2623 1535 2703 spicilegii
1566 2639 1626 2702 paq.
1646 2619 1698 2682 954.

242 2725 310 2803 ejus
330 2728 359 2784 in
379 2725 434 2786 hac
452 2730 514 2786 vita
532 2726 686 2803 fidelium,
704 2733 736 2788 44
753 2727 886 2810 genemli
902 2743 966 2788 om·
1020 2725 1028 2800 )
1039 2720 1111 2783 edit.
1128 2735 1223 2784 novae
1240 2728 1313 2781 tom.
1328 2722 1346 2782 3
1365 2737 1392 2798 p.
1411 2719 1494 2793 3444.)
1512 2718 1591 2779 illum
1608 2711 1699 2792 Lugdu
1772 2781 1773 2784 Ἴ

241 2835 334 2881 ntum*
347 2819 513 2881 hominurn.
532 2820 719 2899 Argumenta
737 2821 812 2882 haee
828 2821 965 2900 deperdi-
1019 2831 1130 2876 nenses
1150 2823 1182 2876 et
1197 2815 1379 2874 Parisienses
1396 2811 1514 2891 prologo
1533 2811 1597 2871 libri
1615 2805 1697 2887 primis
1772 2827 1773 2832 ’

240 2913 263 2973 44
285 2912 366 2974 illius
387 2915 491 2992 operis·
507 2913 586 2992 apud
608 2913 798 2974 Gennadium
820 2921 852 2974 44
874 2915 965 2975 laida
1018 2909 1170 2970 clausulae
1185 2911 1280 2988 instar
1295 2903 1700 2968 adseruaresulianuarono

239 3021 307 3067 rum
329 3007 523 3081 relocantur,
546 3005 628 3068 unde
645 3007 777 3086 Gregorii
793 3009 920 3086 Nyssani
934 3016 965 3067 at
1021 3006 1084 3064 rius
1100 3005 1212 3064 citatur
1231 3018 1249 3062 4
1270 3001 1386 3062 tuliano
1407 2998 1545 3059 Toletano
1566 2989 1702 3075 prognosti-

238 3099 370 3160 Nemesii
392 3101 529 3179 vestigiis
550 3115 621 3160 aum
643 3101 812 3176 institisse,
836 3103 891 3160 viri
913 3101 964 3162 do·
1020 3113 1076 3158 con
1099 3097 1264 3174 scriptore,
1281 3093 1310 3153 in
1326 3092 1400 3154 Bibl.
1416 3094 1533 3153 Petrum
1550 3089 1616 3151 adit.
1630 3079 1700 3160 luet.

238 3192 279 3252 444
299 3197 465 3253 annotant:
488 3193 542 3253 sed
564 3191 719 3268 isidorus,
737 3196 869 3258 animam
888 3194 962 3256 libro
1015 3196 1088 3250 tom.
1104 3189 1160 3250 Xll
1178 3205 1244 3268 pag.
1262 3187 1328 3248 593.
1347 3174 1696 3247 naunotonensi.
1772 3263 1773 3268 γ

239 3284 373 3346 secundo
403 3299 578 3366 corpoream
610 3287 747 3362 dixisse,
784 3289 961 3350 Tertulliani
1016 3285 1050 3344 44.
1068 3281 1140 3344 407.
1155 3283 1188 3344 G.
1206 3283 1242 3342 Ε.
1260 3281 1329 3340 608.
1344 3281 1375 3340 F.
1391 3279 1585 3338 60944444.
1615 3323 1616 3328 1

238 3379 454 3458 suffragantem
466 3383 560 3441 errori
571 3382 727 3444 lulianum
738 3383 962 3444 44444444044-
1055 3375 1238 3437 Julianus
1255 3370 1411 3432 Posterius
1424 3369 1595 3431 confletusa
1610 3357 1700 3425 Posido
1771 3395 1773 3440 q

237 3477 302 3530 tarn
320 3472 399 3550 upud
416 3474 607 3536 Gennadium
626 3483 812 3538 memorata:
833 3475 962 3538 4444444444
1016 3465 1167 3531 Hanberto
1189 3467 1218 3525 in
1241 3465 1388 3530 Chronico
1408 3462 1443 3524 ad
1464 3461 1518 3522 An.
1540 3461 1604 3521 534.
1625 3451 1699 3515 latta
1772 3519 1773 3528 χ

238 3559 961 3649 hortatoriusadquendamnorninePrincipium,
1015 3581 1072 3626 nus
1090 3565 1277 3641 coquomento
1295 3557 1468 3632 Pomerius,
1489 3542 1698 3617 Monacttusllt·

237 3655 274 3716 da
294 3663 441 3718 contemtu
462 3660 573 3720 Mundi
592 3677 629 3720 ac
655 3679 760 3723 rerum
779 3664 962 3724 transitura-
1015 3655 1179 3734 nadiotinus
1200 3653 1334 3716 succedit
1353 3649 1469 3714 insede
1492 3645 1621 3708 Toletano
1636 3641 1699 3704 Mon

236 3765 306 3811 rum
337 3751 372 3811 'et
389 3749 650 3814 aliusdeoitiiset
666 3755 833 3818 or'rnaitas
847 3757 960 3819 sirecte
1016 3757 1093 3810 44440.
1116 3747 1188 3810 Filii
1207 3747 1370 3810 litlvlictli
1390 3742 1510 3822 4444444444
1529 3727 1698 3836 Mum&

233 3841 318 3905 m'tiis
346 3843 443 3906 colore
456 3837 642 3923 uirtutum,
665 3848 765 3910 minus
784 3850 885 3912 444444
914 3850 960 3910 in·
1015 3841 1071 3904 lus.
1095 3841 1190 3922 Cujus
1207 3846 1341 3922 pannas
1362 3841 1541 3918 capnomento
1572 3834 1699 3926 Ponendi
1772 3907 1773 3926 ἢ

238 3931 417 4001 tridentibus.
438 3943 574 4021 Tempus
595 3959 653 4004 non
675 3953 824 4024 repugnas
843 3946 872 4022 4))
900 3959 959 4025 quo
1013 3939 1046 3998 in
1065 3935 1183 3998 modum
1205 3933 1324 4014 ‚diatopi
1341 3929 1451 3994 librum
1476 3923 1634 4007 composuit.
1654 3917 1698 3979 litt
1772 3929 1773 3984 4

1013 4029 1155 4094 tutunus
1176 4026 1280 4090 44444444
1299 4026 1460 4088 amicitiam
1475 4040 1540 4084 curn
1565 4021 1629 4080 Vero
1644 4026 1698 4093 prt-

274 4099 299 4160 a)
312 4101 511 4152 dabentremum
523 4102 597 4168 liujus
610 4105 786 4166 Epistotaeatt
798 4103 964 4165 Hieronymus
1013 4123 1133 4205 sbym
1149 4168 1155 4197 ἲ
1171 4124 1259 4201 cuj-„3
1276 4119 1402 4181 apem
1423 4115 1536 4178 papam
1552 4107 1651 4173 mm
1664 4102 1697 4163 iq.

225 4179 870 4317 4144043ιωῖ42,ἕεινῐὲἓῗῖιὲἓειιῗινῖἇηᾶῗιι3044444ιοῖ
885 4177 964 4303 iffi
1015 4213 1264 4297 Wriiissfffflll'lui
1281 4209 1390 4275 44944444
1415 4222 1498 4291 iiim
1519 4217 1607 4286 supra
1625 4199 1696 4264 ‘¹¹²¹’

228 4333 272 4375 ens
288 4325 425 4388 Epistulam
444 4329 518 4376 444414.
536 4327 568 4376 od
585 4329 754 4379 Eustochium
779 4329 813 4378 da
839 4329 964 4379 untedio

226 4398 413 4461 otrptnitatte,
435 4404 466 4452 de
482 4413 533 4464 qua
565 4403 746 4466 intelligendus
764 4407 869 4458 luanus
890 4407 963 4455 inra-

228 4474 295 4521 ctlva
310 4475 420 4526 secunde
439 4479 465 4526 tn
485 4478 680 4544 Hieronymum.
697 4479 781 4540 incip.
807 4479 878 4529 Audi
904 4479 965 4543 titia
1054 4469 1249 4535 minitamini
1268 4482 1323 4531 oen.
1343 4467 1397 4520 ¹7⁰·
1413 4466 1499 4518 ΝΜ
1514 4463 1586 4513 ¹¹b¹⁰⁵
1610 4467 1653 4510 ²¹⁰⁵
1675 4454 1698 4504 ὼ

228 4550 255 4592 at
273 4547 345 4596 44444-
1013 4549 1225 4611 contemplatione
1242 4559 1296 4597 esso
1310 4559 1325 4595 a
1341 4547 1460 4606 Prospero
1477 4539 1598 4592 4444444444
1616 4534 1698 4584 tantm

272 4619 296 4679 4)
313 4619 408 4672 librum
424 4623 456 4672 de
487 4627 687 4676 resurreetione
716 4605 794 4678 44444
822 4629 963 4692 sigebertus
1011 4625 1142 4676 Toletmo.

224 4701 281 4754 ο444·
299 4693 342 4743 54·
1057 4701 1083 4761 d)
1096 4700 1241 4750 struendas
1255 4696 1287 4748 ad
1297 4691 1392 4746 concil.
1405 4691 1644 4756 aquisgranensem
1656 4675 1699 4728 ili.

272 4765 299 4829 b)
316 4770 466 4822 sirmondus
483 4773 516 4824 ud
535 4777 684 4828 ltnnodiurn
701 4793 759 4844 pag.
775 4780 799 4832 44.
816 4792 872 4844 seq.
1014 4782 1074 4828 tana
1091 4775 1106 4824 3
1123 4763 1218 4844 concil}
1235 4763 1327 4826 Galliae
1345 4781 1403 4837 paq.
1421 4768 1476 4818 283.
1490 4777 1539 4828 seq.
