3608 5604
778 75 882 138 LEO
1499 87 1559 150 ata

79 178 225 242 abbatem
246 176 496 254 olomucensem,
518 194 594 257 quas
612 178 718 250 habuit
733 179 795 242 44·
847 185 954 247 Leonis
970 185 1011 248 44
1031 201 1088 246 444
1110 200 1180 246 cum
1196 186 1338 266 Epistolia
1356 189 1563 256 Decretalibus

81 273 169 352 dress
181 271 223 332 du
240 271 379 350 chesne,
398 273 530 349 itemque
546 271 588 332 od
603 272 794 354 Epilnlplrnm
846 285 878 338 04
895 279 1094 341 familiaribus
1111 278 1253 341 collectos
1283 279 1442 345 ediderant
1468 287 1566 349 Oano-

83 366 363 443 Salisburgensem,
383 363 592 444 Er'senprinam
622 367 795 446 Regnobur-
847 373 905 432 niei
937 373 966 433 S.
987 373 1106 434 Martini
1125 374 1328 436 lovanienses
1349 375 1406 438 44.
1427 381 1504 442 4565
1521 389 1567 442 at·

81 477 204 541 gensem
228 454 418 520 lambertum
435 461 654 537 Frisiagensem
667 463 795 522 etStor·
850 482 911 543 que
929 465 997 526 4440
1014 469 1103 528 4444.
1126 468 1234 528 844444
1251 468 1494 549 carthusianus,
1516 491 1567 536 sa-

54 551 227 644 volandum
247 551 497 614 Eichstadensem
530 555 693 632 Episcopus
721 551 795 614 Ger·
851 559 993 620 biunctos
1019 561 1127 620 Leonis
1158 562 1255 638 Magni
1284 564 1433 642 Operibus
1466 569 1568 630 Colon.

81 648 223 722 maniae,
242 646 279 708 de
300 663 391 708 04444
412 646 516 723 Fidei,
537 664 664 726 quarum
687 666 716 727 p.
734 649 791 709 449
854 652 933 714 4568
949 660 981 712 04
997 669 1120 714 4444404
1136 654 1295 734 Antwerp.
1311 658 1399 719 4583.

80 741 154 802 Lud.
167 739 297 801 lacobus
308 741 453 816 meminit,
472 741 603 802 nondum
619 743 790 820 quisquam,
885 730 902 768 ⁸
923 733 956 792 1¹¹
979 750 1046 807 ¹11t³⁰
1068 735 1265 798 (3900440000
1285 739 1500 818 Supplememo
1514 750 1534 804 t.
1550 747 1563 806 4

80 833 160 914 quod
180 834 293 908 sciam,
314 835 346 893 in
368 833 467 896 lucam
488 834 638 913 produxit.
851 827 930 887 4983
952 831 1071 905 praeter
1092 829 1200 888 Leonis
1220 828 1312 909 hujus
1341 834 1496 911 epistolam
1530 837 1567 900 ad

41 975 44 982 .
121 925 194 988 LEO
214 926 266 988 44.
287 932 375 988 44404
395 927 511 1002 timna,
533 928 641 989 Comes
661 925 791 988 444444444-
845 922 967 982 maioris
985 922 1141 982 Ecclesiae
1156 923 1304 986 Lucensis
1321 925 1570 1008 (144044004ᾳυί-

19 1056 20 1060 =
80 1019 304 1100 gensis,Gallo
318 1019 507 1096 Germanus,
524 1035 561 1081 44
574 1021 721 1098 Episcopo
738 1021 792 1081 Ur·
849 1012 909 1076 bus
930 1015 959 1074 in
981 1030 1173 1076 communem
1194 1019 1369 1081 convictum
1396 1021 1569 1100 largitiones

78 1112 126 1175 bis
142 1116 314 1175 Leucorum
337 1129 414 1190 quae
434 1113 540 1174 Tullus
561 1119 696 1191 vocatur,
713 1115 792 1192 Fapa
849 1107 998 1184 quasdam
1017 1107 1176 1170 confirmat
1190 1127 1227 1172 04
1249 1110 1389 1192 Wadingi
1411 1112 1571 1176 Commen-

79 1206 118 1268 ab
138 1205 193 1268 44.
216 1207 304 1268 4049.
321 1207 408 1267 Febr.
426 1206 463 1268 49
482 1205 520 1267 44
538 1204 574 1267 A.
590 1206 679 1268 4054.
700 1204 792 1284 hpril.
853 1203 937 1261 tariis
957 1201 993 1262 ad
1012 1203 1105 1262 vitam
1124 1204 1154 1264 S.
1172 1201 1306 1266 huselmi
1336 1209 1481 1270 Lucensis
1497 1211 1568 1290 Epi·

39 1313 40 1316 ’
80 1302 131 1362 49.
150 1301 225 1378 Ejus
245 1303 341 1360 vitam
365 1299 448 1360 libris
468 1297 586 1360 duobus
614 1302 755 1378 scriptam
777 1317 794 1359 4
848 1296 928 1374 scopi
947 1299 1114 1374 acceptam,
1125 1295 1210 1371 dedi3
1227 1300 1381 1360 variantes
1391 1303 1482 1364 etiam
1495 1321 1569 1382 qua·

80 1393 257 1456 wissara
276 1391 492 1456 Archidiacooo
512 1391 664 1466 Tuliassi,
684 1409 721 1452 04
736 1393 795 1454 MS.
849 1388 933 1448 sdam
957 1391 1045 1451 attuli
1067 1407 1105 1450 ex
1123 1391 1184 1451 MS.
1199 1390 1271 1452 Cod.
1281 1394 1376 1471 Epist.
1400 1397 1508 1458 Leonis
1529 1399 1567 1460 ad

78 1505 150 1549 oum
184 1487 334 1550 sirmondi
355 1487 382 1562 al
404 1486 534 1548 editione
555 1487 673 1547 collatis
703 1485 796 1546 edidit
850 1498 950 1544 omnes
969 1481 1166 1563 partialium
1184 1483 1388 1565 Episcopos.*

80 1583 220 1660 notisque
237 1582 398 1642 illustrarit
414 1579 623 1642 henschenius
643 1586 665 1640 4.
682 1579 711 1640 9.
728 1579 794 1640 404.
890 1578 962 1638 LEO
983 1580 1019 1639 X.
1043 1586 1133 1640 antea
1158 1579 1287 1640 loannes
1313 1579 1459 1657 Medicas,
1488 1585 1567 1662 Papa

81 1675 218 1736 Sanctor.
248 1675 342 1754 apra.
376 1675 423 1736 49.
446 1691 475 1754 p.
498 1672 566 1734 666.
599 1672 797 1734 ltinerorinm
850 1669 887 1732 ab
900 1671 957 1734 44.
977 1673 1066 1733 4543.
1083 1674 1168 1732 Mart.
1192 1674 1224 1732 44
1247 1673 1283 1734 44
1301 1673 1359 1734 44.
1387 1677 1476 1737 4594.
1510 1679 1568 1738 De-

84 1771 181 1832 4404444
202 1769 234 1830 in
254 1766 396 1846 Galliam,
417 1767 495 1846 qnod
519 1769 639 1847 scripsit
658 1765 798 1830 4448444-
851 1765 963 1826 camba.
985 1764 1023 1826 44
1053 1783 1113 1844 quo
1143 1766 1243 1828 Julius
1273 1764 1363 1846 Niger
1394 1769 1422 1828 in
1445 1769 1568 1832 historia

82 1865 163 1928 MUS
195 1865 374 1938 hamensis,
395 1861 495 1924 adhuc
519 1861 743 1936 desideramus,
763 1867 798 1922 ut
852 1859 1031 1938 scriptorum
1054 1859 1254 1950 Florentium.
1269 1878 1298 1939 p.
1317 1861 1387 1922 986.
1408 1863 1482 1924 Eius
1503 1864 1569 1924 bul·

82 1959 146 2021 dixi
164 1965 238 2020 tom.
260 1960 298 2032 4,
319 1973 386 2036 pag.
410 1956 476 2017 449.
498 1956 556 2018 Sed
578 1957 670 2016 vitam
689 1955 798 2016 Leonis
852 1951 898 2013 440
919 1953 1019 2012 444444
1035 1953 1064 2011 44
1083 1951 1168 2013 44444
1185 1952 1308 2021 Concilii
1324 1955 1567 2018 Labronemira

81 2053 136 2116 44.
157 2051 278 2129 scripsit
298 2051 389 2110 etiam
411 2048 531 2110 heroico
547 2049 680 2110 carmine
697 2046 798 2125 hugu—
852 2046 930 2108 lulio
952 2045 979 2106 11
994 2048 1104 2124 coepti,
1120 2051 1212 2123 atque
1230 2047 1422 2125 ipsodeinde‚
1440 2050 1568 2112 durante

82 2147 187 2207 atinus
207 2146 388 2220 Bontemps,
410 2141 546 2213 Atrebas,
566 2140 728 2202 Monachus
746 2141 799 2200 40-
849 2139 991 2202 Sessioae
1002 2141 1036 2200 V.
1053 2138 1384 2202 4440454340444040
1400 2131 1567 2206 continuati

82 2239 211 2300 biensis.
230 2237 350 2297 Praeter
369 2235 443 2296 44404
463 2251 479 2294 4
501 2234 617 2296 Labbeo
634 2241 705 2294 tom.
722 2233 741 2294 9
758 2231 795 2292 00
850 2231 886 2292 44
908 2231 965 2294 44.
984 2231 1176 2294 4547.οιιίυο
1198 2233 1282 2296 Actis
1298 2238 1383 2296 44040.
1404 2238 1493 2300 4594.
1516 2237 1565 2298 401.

81 2335 116 2396 S.
136 2333 171 2393 E.
202 2348 268 2410 pag.
303 2327 351 2390 47.
383 2327 520 2390 44444404
550 2327 708 2389 44044444
738 2329 801 2387 400
850 2324 1076 2404 vulgatisbulla
1096 2325 1134 2388 40
1151 2327 1323 2390 authentica
1343 2330 1560 2394 hachctorum

84 2415 238 2494 Ostiensis
259 2422 308 2484 llb.
329 2423 358 2484 9.
380 2421 516 2484 Chronici
539 2421 712 2483 Carrinensis
731 2435 795 2498 cap.
850 2417 978 2480 editione
1008 2419 1192 2500 praefigitur.
1216 2421 1448 2485 constitutiones
1468 2425 1568 2488 XLVI.

84 2521 120 2580 84
138 2517 218 2578 0487
235 2534 252 2578 0
269 2514 485 2577 recentioribus
501 2530 573 2574 vero
588 2519 706 2592 praeter
721 2514 798 2590 lieg-
851 2514 880 2572 in
902 2511 1028 2574 bullario
1045 2514 1154 2574 4444444
1170 2513 1333 2577 cherubim
1352 2523 1423 2578 tom.
1447 2519 1458 2578 l
1476 2561 1483 2592 ,
1500 2535 1568 2597 pag.

82 2611 227 2687 naldum,
250 2611 415 2682 Bzovium,
437 2608 652 2687 Spondaaum,
672 2604 797 2667 4404044-
851 2605 918 2684 534,
931 2621 995 2683 seq.
1011 2606 1040 2666 ia
1056 2606 1168 2684 quibus
1184 2607 1250 2667 444.
1266 2608 1323 2668 44.
1341 2611 1419 2671 4545
1433 2608 1568 2688 prohibi·

82 2713 155 2770 0444
165 2706 298 2765 Pictetus
309 2705 338 2761 in
357 2701 455 2763 Seouli
473 2703 527 2762 44.
543 2701 665 2762 44440444
682 2699 794 2761 Gallice
851 2697 889 2759 tio
901 2697 1094 2778 imprimendi
1109 2697 1201 2760 librar
1218 2697 1332 2781 obsone
1350 2703 1491 2763 eonomine
1504 2706 1568 2765 XL.

82 2799 175 2862 edita.
193 2799 377 2876 Argumenta
394 2793 597 2874 Epistularum
613 2794 686 2856 444.
706 2794 795 2854 huius
849 2792 926 2854 XLI.
957 2793 1060 2856 Bullae
1087 2793 1146 2854 400
1182 2800 1287 2854 004444
1323 2793 1486 2856 Latiarum
1515 2813 1568 2856 uo-

84 2893 194 2954 Leonis
208 2907 284 2969 quae
302 2896 424 2950 exstant
441 2888 678 2958 inconciliorum
697 2889 795 2962 tomis,
848 2892 947 2946 strum
976 2885 1032 2946 44.
1053 2887 1176 2948 459044
1198 2888 1273 2948 4594
1295 2886 1460 2967 dequibus
1482 2890 1567 2968 plura

87 2987 157 3048 vide
171 2992 242 3046 tom.
257 2983 310 3046 44.
327 2984 400 3045 Bibl.
417 2983 548 3044 Graecae
565 2999 630 3060 pag.
648 2981 715 3042 579.
732 2997 794 3058 seq.
849 2979 877 3038 in
897 2979 1052 3040 (tentilatio
1067 2980 1248 3042 Lutberano.
1266 2982 1354 3042 XLV.
1372 2999 1425 3060 pro
1436 2982 1566 3044 ilenrico

83 3081 136 3144 ubi
159 3081 248 3140 etiam
272 3077 310 3139 de
331 3077 492 3157 diplomate
510 3077 664 3154 supposito
680 3073 716 3135 de
732 3069 797 3133 444-
853 3073 933 3134 VIII.
954 3072 1112 3135 defensore
1137 3073 1218 3135 Fidei
1240 3074 1296 3136 44.
1319 3076 1406 3137 4594.
1440 3075 1568 3136 Concor-

85 3188 159 3253 pore
179 3173 211 3232 8.
228 3169 373 3250 Dionysii.
395 3172 492 3232 Prima
513 3187 551 3229 ex
573 3169 631 3229 illis
655 3167 798 3246 Epistolis
850 3165 922 3226 dato
942 3167 1019 3227 inter
1039 3168 1163 3227 Leonem
1184 3167 1216 3227 X.
1235 3172 1263 3226 et
1282 3167 1478 3229 Franciscam
1510 3171 1567 3230 lle·
1696 3209 1701 3217 -

86 3271 134 3325 est
155 3264 269 3342 prolixa
287 3263 337 3325 illa
358 3263 506 3326 44404444
530 3261 683 3323 Michaelis
714 3259 798 3320 GPol.
848 3276 914 3338 pem
935 3259 1052 3322 Galla'ae
1073 3259 1131 3322 44.
1153 3263 1240 3324 4548.
1264 3262 1302 3322 99
1324 3263 1397 3323 Nov.
1416 3263 1495 3324 edita
1513 3264 1569 3322 To.

87 3363 119 3417 et
135 3358 242 3416 Leonis
272 3355 411 3416 40444404
430 3371 506 3432 ques
530 3359 618 3416 vocat
645 3367 799 3431 praesum·
851 3353 979 3415 404448.
999 3371 1166 3432 recusaqae
1188 3363 1253 3416 tam
1274 3354 1344 3415 alibi
1365 3363 1429 3417 tum
1453 3357 1481 3416 in
1501 3357 1569 3418 illa-

86 3453 195 3522 tiones.
222 3451 356 3528 Septima
390 3457 491 3510 eutem
513 3445 554 3506 od
575 3444 798 3508 Constantinum
851 3449 923 3508 stris
942 3449 1079 3509 Leibnitii
1099 3448 1208 3510 Codice
1230 3449 1515 3527 diplomatico-tom.
1536 3451 1567 3512 9.

88 3537 799 3616 Monomoohinm,diversaestabilla,haere-
850 3557 917 3620 pag.
939 3543 997 3603 448
1018 3541 1055 3602 44
1089 3559 1166 3620 quae
1198 3541 1397 3604 conterendae
1428 3543 1569 3604 observa·

88 3653 140 3698 ses
155 3642 198 3696 404
209 3637 376 3716 oblectante
387 3637 518 3710 Graecis,
529 3634 565 3696 44
578 3633 706 3695 eundem
719 3633 794 3713 lmp.
849 3635 947 3696 tiones
967 3637 1044 3696 Petri
1065 3635 1181 3697 liebuffl
1195 3681 1202 3708 ,
1218 3638 1310 3700 Paris.
1329 3637 1407 3698 4440
1430 3639 1458 3697 8.
1479 3639 1569 3700 loan-

86 3733 217 3809 scripta,
235 3732 322 3792 cuius
340 3731 478 3790 meminit
494 3728 668 3806 sigebertus
685 3743 712 3788 c.
732 3727 797 3788 449.
850 3729 896 3790 444
916 3730 1031 3807 Dayma
1053 3729 1150 3790 Tolos.
1175 3731 1251 3792 4538
1273 3737 1304 3790 44
1324 3729 1480 3792 Michaelis
1508 3731 1568 3791 Ilu-

84 3831 117 3886 et
131 3840 208 3901 quae
225 3822 348 3902 perinde
366 3829 400 3884 ut
417 3819 492 3882 44444
504 3821 652 3882 advorsus
671 3819 800 3880 Graeca
851 3839 960 3900 perray
989 3825 1184 3900 quaestiones
1205 3825 1299 3883 Paris.
1323 3825 1399 3883 4793
1422 3825 1468 3884 49.
1492 3823 1569 3884 Ora·

84 3933 156 3977 rum
173 3929 293 3974 errores
307 3915 440 3993 aliaeque
466 3910 626 3992 Epistoloe,
643 3919 674 3970 ct
692 3917 797 3976 eantur
852 3912 891 3972 tio
912 3916 977 3973 sira
1009 3912 1172 3974 Consilium
1202 3913 1238 3974 de
1271 3911 1344 3974 bello
1376 3914 1565 3994 suscipiendo

84 4009 118 4070 in
136 4007 276 4068 honorem
297 4009 474 4068 sanctornm
489 4005 516 4081 b)
538 4005 576 4066 ab
591 4021 627 4064 eo
643 4006 797 4083 compositi
851 4011 956 4066 contro
980 4007 1090 4067 Turoos
1111 4009 1140 4067 in
1162 4009 1225 4069 Nic.
1247 4009 1390 4068 440044044
1408 4007 1568 4068 Volumina

80 4099 242 4164 intercidit.
278 4101 434 4180 Privilegia
461 4098 521 4160 duo
558 4095 797 4176 Bobenberpeam
851 4099 984 4160 secundo
1005 4099 1181 4162 Orationum
1203 4103 1397 4164 Turoicarum
1418 4117 1485 4178 pag.
1510 4102 1567 4166 449

81 4196 236 4259 Ecclesiae
272 4209 416 4256 concessa
453 4197 573 4252 ezstant
608 4192 635 4250 in
673 4193 798 4252 loannis
852 4193 933 4271 Lips.
951 4195 1028 4275 4596
1052 4193 1079 4252 4.
1100 4194 1185 4256 Bulla
1207 4192 1242 4256 de
1262 4191 1443 4274 subjectione
1467 4191 1567 4256 Eccle-

83 4287 214 4352 Udalrioi
228 4286 338 4350 Codioe
348 4287 550 4366 Epistolaram
559 4285 796 4366 babenbergensi
851 4286 916 4348 sine
934 4285 1106 4348 Helenensio
1125 4285 1167 4348 aa
1182 4285 1406 4348 Narbonensem
1426 4285 1462 4348 4.
1485 4286 1564 4348 4547

82 4379 163 4462 apud
181 4383 225 4442 Jo.
243 4379 526 4460 OeorgEccardum
542 4386 612 4440 tom.
631 4379 651 4440 9
667 4383 799 4458 corporis
853 4381 883 4440 in
904 4381 1019 4444 baluzii
1036 4380 1202 4459 appendice
1223 4381 1260 4446 ad
1281 4383 1408 4444 Marcam
1428 4381 1565 4458 Hispani·

84 4475 268 4554 acriptarum
284 4472 374 4536 medii
390 4475 457 4536 aevi
477 4493 505 4555 p.
517 4472 555 4532 90
566 4488 629 4551 seq.
642 4474 800 4536 8444404444
852 4490 917 4536 0444
940 4491 1006 4554 pag.
1030 4475 1117 4537 4499.
1137 4475 1241 4538 Bullae
1262 4473 1299 4536 ll.
1316 4491 1374 4554 pro
1397 4472 1509 4535 Ordine
1532 4475 1565 4534 B.

127 4697 157 4833 44
169 4701 249 4824 444ῗῖ
256 4697 510 4836 4644544440444444
525 4773 556 4826 44
572 4775 664 4839 qulbus
682 4775 741 4827 404.
758 4783 801 4828 44·
846 4777 904 4828 aab.
921 4787 978 4840 pag.
996 4775 1049 4828 450.
1060 4775 1124 4828 albi.
1141 4777 1300 4831 4044444440.
