3608 5604
768 109 946 173 Lucas
1542 112 1602 176 503

151 215 272 278 LUCAS
286 213 387 276 noim
400 215 508 276 biantis
526 217 555 278 S.
573 216 701 278 Cornelii
720 216 828 278 Laudic
881 218 1037 280 Avenione
1053 220 1176 295 babuit,
1191 219 1311 298 scripsit
1321 217 1533 299 Compendinui
1545 221 1607 281 llo·

110 311 202 372 vicini
231 307 258 386 44
282 310 352 370 044.
381 311 688 370 praemonstratensis
704 311 732 387 b)
750 313 828 372 cirea
883 311 960 372 ralis
973 311 1178 392 Philosophiae
1189 312 1226 373 ad
1239 315 1376 373 Brutium
1391 313 1607 374 vicecomitem

110 421 158 464 an.
180 404 257 464 4440
285 407 404 481 praeter
430 402 593 462 Sermones
619 409 650 463 et
676 405 828 482 Epistulas
882 414 914 464 et
936 405 1151 484 expositionem
1172 404 1378 484 Epistularum
1395 407 1524 466 Senecae
1544 405 1608 484 eju·

110 499 232 576 scripsit
246 497 283 558 ad
299 496 437 557 blilouem
454 497 679 556 Tarvaneusem
695 497 830 557 4444444-
884 513 960 578 sque
982 497 1110 559 moralis
1132 497 1347 578 Philosophiae.

110 591 244 650 rinorum
277 589 482 667 Episcopum,
510 577 768 648 commentarium
799 589 831 648 i'n
928 592 996 667 iiiiii
1018 592 1084 653 Vid.
1105 593 1178 653 Pelli
1197 595 1301 670 (liius.)
1318 592 1421 672 Elapio
1438 593 1467 652 in
1486 592 1542 670 Op.
1558 594 1610 652 Se·

112 681 240 744 Canticc
255 680 449 744 canticoram
471 678 540 740 iude
557 679 605 740 ubi
620 680 731 742 desinit
744 680 832 742 APO-
885 683 934 744 rie
956 681 1109 744 a'illustri
1126 686 1260 746 Tuscani.
1277 685 1405 746 Firensc
1421 685 1507 746 4766.
1526 693 1548 745 4.
1568 686 1609 760 t.)

110 773 198 836 iiius
212 819 218 848 ,
232 773 270 834 de
285 789 346 851 quo
360 789 451 851 supra
466 778 538 831 tuin.
558 773 584 832 4.
603 788 671 850 pag.
689 773 746 834 424
761 789 831 834 con·
925 777 1050 838 LUCAS
1072 777 1229 838 Mausolus
1250 781 1516 853 Pontormitanus,
1545 779 1610 838 Flu·
1717 797 1719 802 ·

111 868 264 927 tinuatum
287 883 303 926 a
333 881 426 926 versu
454 870 561 926 octavo
584 866 691 943 capitis
713 869 829 944 quarti,
885 871 1041 944 reatinus,
1063 869 1185 931 Ordinis
1210 873 1514 944 Humiliaturum,ex
1539 872 1611 950 Epi-

109 960 287 1037 editumque
305 974 375 1020 cum
395 958 528 1037 Aponio,
550 959 702 1036 Friburgi‚
719 961 797 1022 4538
812 962 829 1022 l.
885 979 974 1041 scopo
992 963 1159 1038 Fesulauo,
1177 981 1226 1024 an.
1246 965 1336 1025 4408.
1354 963 1541 1039 Cardinaiis,
1559 965 1611 1025 de·

108 1062 201 1132 atque
224 1053 293 1114 inde
311 1055 340 1112 in
357 1051 550 1112 bibliothecis
572 1053 713 1126 Petrum,
731 1061 762 1114 et
781 1071 833 1133 po·
886 1058 1072 1118 tunctusab.
1092 1059 1181 1118 4444.
1199 1058 1236 1119 44
1259 1057 1453 1136 Septembris.
1484 1059 1611 1138 Scripsit

109 1153 223 1208 strema
246 1144 438 1224 Lugdunensi
454 1151 526 1204 tuin.
544 1146 623 1206 XIV.
641 1164 668 1224 p.
689 1149 829 1210 ias-ias.
886 1151 1041 1211 Summam
1057 1151 1192 1212 Casuum
1208 1149 1428 1222 Conscientiae,
1447 1158 1609 1214 tractatum

151 1235 616 1300 iucnsnssisiasordniiuai.
631 1240 832 1318 RegensSta·
885 1242 922 1303 de
942 1241 1157 1322 augustissimo
1187 1245 1400 1320 Sacramenta,
1422 1250 1453 1306 44
1481 1245 1538 1306 sub
1560 1263 1612 1306 uu-

108 1331 149 1392 dii
175 1332 371 1404 Perisiensis,
388 1335 481 1407 atque
509 1329 587 1392 inde·
605 1339 709 1394 custos
732 1338 830 1414 magni
887 1337 967 1397 mine
983 1336 1186 1398 caducarii
1210 1337 1247 1398 de
1270 1337 1427 1417 Eidulpbis
1446 1337 1610 1401 Consilium

110 1425 289 1486 Conventus
304 1439 378 1485 suae
392 1425 506 1501 patriae
521 1424 598 1485 circa
610 1441 658 1486 an.
671 1428 749 1488 4440
759 1430 832 1489 scri-
882 1445 941 1509 pru
964 1427 1093 1507 Collepiu
1117 1427 1328 1492 Cordinali'nm
1349 1435 1454 1490 contra
1484 1431 1612 1493 Pseudo

109 1519 172 1595 psit
191 1516 374 1595 opusculum
398 1515 589 1578 de'CHristi
605 1516 831 1602 incarnatione,
883 1521 1048 1600 pontifices.
1072 1521 1146 1583 Vide
1168 1523 1282 1584 lulium
1310 1523 1432 1600 Nigrum
1455 1540 1520 1602 pag.
1542 1526 1613 1585 385.

112 1610 270 1672 laudatum
292 1609 461 1690 Waddingu
478 1626 544 1689 pag.
562 1609 631 1672 238.
886 1621 917 1676 44
937 1615 972 1676 G.
994 1615 1116 1694 Jusepbi
1149 1617 1231 1695 Eggs
1259 1633 1424 1695 purpuram
1448 1617 1566 1678 ductam
1589 1625 1611 1678 4.

149 1703 273 1765 Lucas
303 1702 475 1778 Boedinus,
509 1703 646 1781 anglus,
667 1706 830 1768 carmelita
887 1711 915 1781 4,
934 1723 999 1786 pag.
1017 1708 1084 1769 444.
1101 1725 1166 1786 seq.
1186 1709 1345 1788 Ugbellum
1367 1716 1390 1770 4.
1405 1709 1425 1770 3
1443 1728 1470 1788 p.
1488 1711 1547 1772 258
1564 1728 1611 1790 sq.

107 1815 157 1858 44.
174 1797 260 1859 4340.
274 1797 578 1872 DoctorOrunieusis
595 1799 717 1877 scripsit
734 1801 832 1872 Quae-
886 1802 948 1876 (isi
987 1803 1085 1862 Lastri
1108 1800 1248 1880 (444444)
1270 1801 1374 1881 alipii
1400 1804 1427 1862 in
1451 1821 1499 1883 op.
1526 1805 1612 1866 Serio

110 1893 227 1951 stiones
242 1891 274 1950 iii
287 1908 347 1952 seru
356 1889 511 1971 principia
524 1888 652 1950 Gillierti
662 1894 831 1955 Purretuni.
885 1891 1047 1954 a'llliistri
1064 1893 1190 1954 Tuscani
1208 1902 1229 1954 t.
1253 1895 1299 1970 4.)

109 1984 184 2045 Vide
202 1985 366 2045 Lelandum
385 1999 450 2061 cap.
469 1977 537 2042 3'68.
559 1985 646 2044 llisce
672 1987 782 2049 Baleus
795 1989 830 2049 V.
926 1985 1050 2048 bunis
1078 1985 1265 2062 Potcui'nus,
1295 1987 1461 2050 Monachus
1489 1989 1611 2052 Ordinis
1688 2017 1691 2024 ·

109 2076 150 2139 24
171 2093 306 2154 cumque
328 2083 453 2136 secutus
475 2076 593 2136 Pitseus
606 2091 676 2158 pag.
696 2080 763 2139 430.
779 2081 831 2141 ad·
886 2081 1033 2140 biiiiurum
1052 2125 1058 2152 ,
1081 2078 1118 2140 de
1134 2095 1193 2156 quo
1212 2078 1398 2142 Triibemius
1415 2097 1479 2159 cap.
1494 2082 1562 2143 504.
1580 2089 1612 2142 44

110 2167 832 2252 duntcommeutariuminl'illlilirosl’lpsicu-
888 2171 1077 2248 Waddingus
1108 2187 1173 2250 pag.
1207 2171 1275 2232 238.
1305 2174 1355 2249 qui
1378 2179 1508 2234 testatur
1529 2173 1611 2234 diem

108 2260 832 2345 444444444444444044444444443144449444.
886 2265 997 2326 obiisse
1017 2281 1067 2324 an.
1089 2266 1168 2326 4245
1190 2273 1283 2343 atque
1306 2267 1464 2344 scripsisse
1494 2267 1614 2328 Sermu-
1650 2283 1653 2290 ’

150 2355 273 2418 nucis
287 2355 358 2416 Ord.
373 2357 500 2417 Cistarc.
518 2359 551 2416 B.
570 2355 716 2418 inachimi
734 2359 832 2422 Abba·
885 2373 940 2418 nes
961 2356 991 2417 44
1013 2356 1210 2436 4444944444
1226 2362 1256 2418 44
1272 2356 1613 2440 Epistolicarum

109 2453 149 2526 tis
161 2493 168 2524 ‚
182 2451 233 2526 qui
251 2449 373 2508 Ordinis
394 2449 544 2509 Floreusis
571 2450 713 2511 tundatur
732 2453 787 2514 4444
804 2463 835 2516 44
889 2467 943 2510 nes
959 2449 995 2511 dc
1016 2451 1136 2513 Sanctis

108 2560 156 2603 aa.
189 2541 269 2602 4202
295 2543 390 2615 obiit,
406 2541 502 2602 scriba
521 2548 552 2602 et
570 2544 744 2619 familiaris,
764 2546 834 2609 inde
932 2545 1055 2606 LUCAS
1077 2547 1171 2624 patria
1195 2547 1387 2623 Legionensis
1405 2547 1564 2625 Hispanus,
1581 2556 1613 2608 et

110 2636 305 2698 Consentinus
323 2637 351 2694 in
365 2635 500 2696 Calabria
510 2637 650 2696 citeriore
662 2639 745 2715 regni
758 2637 833 2701 Nea·
889 2655 927 2698 444
945 2638 1096 2698 Canoniuo
1114 2638 1250 2714 Regulari
1268 2638 1401 2698 coenobii
1420 2640 1613 2715 Legionensis

107 2730 229 2810 palituui
252 2729 500 2808 archiepiscopus
527 2729 565 2789 ab
586 2728 643 2790 Au.
674 2731 761 2793 4204.
795 2733 833 2794 44
889 2729 919 2790 S.
942 2728 1059 2802 Isidori,
1082 2735 1112 2790 et
1134 2731 1263 2790 Diacono
1284 2729 1415 2790 Tudensi
1445 2731 1612 2810 Episcopus

108 2825 200 2886 4224.
220 2825 341 2904 scripsit
360 2822 500 2902 synopsin
531 2820 677 2882 44444444
698 2825 733 2883 B.
764 2826 835 2886 loo-
865 2809 1036 2885 'Tmarus
1052 2823 1091 2883 ab
1103 2821 1290 2884 44423944
1309 2822 1396 2886 4288.
1408 2821 1445 2882 de
1457 2839 1516 2900 quo
1527 2840 1612 2901 prae-

107 2917 201 2978 cliimi
220 2919 330 2978 editam
351 2916 388 2978 ab
410 2914 533 2992 Ugbello
555 2921 626 2975 torn.
648 2914 698 2976 ix.
731 2918 832 2979 ltaliae
890 2923 936 2976 ter
953 2919 998 2975 Ju.
1013 2917 1174 2976 biertanam
1188 2916 1280 2992 prael.
1298 2914 1334 2974 ad
1350 2914 1614 2978 librusLuuaaad-

108 3013 139 3073 S.
161 3027 225 3092 pag.
247 3013 317 3072 205·
336 3015 427 3087 atque
449 3007 518 3069 inde
539 3008 569 3066 in
590 3006 674 3068 Actis
709 3011 835 3072 Sancto·
891 3023 1000 3069 versus
1018 3007 1198 3085 albigenses
1216 3007 1410 3068 etlibrqul.
1425 3008 1615 3071 4244444444

106 3122 175 3166 rum
193 3112 264 3164 tum.
281 3105 301 3164 i
318 3103 384 3181 niuji
406 3103 453 3163 29.
473 3119 500 3180 p.
519 3101 567 3160 93.
585 3101 697 3162 Exstat
708 3110 740 3163 et
751 3104 832 3182 apud
890 3101 970 3178 llisp.
989 3099 1145 3160 Ondiuum
1163 3108 1234 3160 turn.
1254 3100 1283 3175 3,
1301 3116 1367 3178 pag.
1386 3101 1451 3161 453.
1469 3101 1614 3180 aliusque,

107 3197 237 3258 eundem
258 3195 417 3272 Ugbellum
440 3209 505 3272 pag.
517 3193 586 3253 203.
603 3210 666 3272 seq.
683 3196 779 3256 Lucae
790 3197 835 3258 di·
891 3192 1074 3253 Prudentius
1095 3193 1246 3254 54444441
1270 3195 1299 3252 44
1314 3194 1545 3272 antiquitatibus
1559 3197 1616 3256 Eo·
1640 3255 1645 3264 ,

108 3290 207 3367 plania
235 3289 381 3346 insertum
407 3285 506 3346 bullae
533 3287 652 3346 Honorii
672 3287 722 3347 444.
739 3295 771 3349 et
782 3288 835 3348 da-
890 3287 1000 3348 clasiae
1032 3286 1183 3348 Tudensis
1205 3303 1272 3364 pag.
1295 3287 1362 3348 448.
1384 3303 1448 3365 seq.
1470 3294 1502 3347 et
1531 3289 1616 3350 Nico

7 3393 8 3400 ¹
107 3389 174 3441 tuni
195 3379 230 3440 Α.
255 3381 340 3441 4245.
362 3385 394 3440 44
413 3377 493 3438 44444
517 3380 669 3456 pagata.
687 3379 723 3440 Α.
742 3382 834 3442 4223.
890 3381 958 3440 1444
979 3381 1130 3442 ltntunius
1152 3381 1230 3470 Eibl.
1252 3381 1366 3439 veteris
1393 3381 1538 3458 llispanae
1565 3380 1614 3441 lib.

150 3473 273 3534 Lucas
288 3473 320 3534 S.
339 3467 479 3534 Cornelii.
491 3487 597 3548 supra,
612 3472 709 3558 Lucos
719 3470 832 3534 Allius.
890 3474 967 3537 Vlll.
988 3489 1053 3551 cap.
1078 3473 1106 3534 3.

150 3563 570 3643 LUCASLepionensis,inlra
581 3566 679 3625 Lucos
693 3565 836 3628 Yuderisi‘s
931 3566 1058 3643 Scripsit
1085 3564 1185 3627 adbuc
1219 3567 1370 3628 Diaconus
1402 3573 1436 3628 ut
1470 3568 1533 3644 ipse
1554 3571 1615 3646 444,

151 3659 276 3720 LUCAS
296 3655 484 3731 Mancellus,
507 3657 615 3718 nobilis
646 3659 836 3721 Florentinus
886 3663 1047 3739 praecepto
1061 3655 1299 3735 gloriosissimae
1325 3659 1545 3739 Hispaniarum
1562 3665 1617 3722 lte—

108 3754 179 3814 Ord.
197 3751 300 3812 Praed.
321 3768 357 3811 eii
381 3751 534 3810 Ziconensi
550 3757 581 3810 et
592 3749 626 3810 Α.
641 3753 729 3812 4345.
743 3751 836 3814 Auxi—
887 3752 978 3830 pinca
1005 3750 1229 3828 Berenparioe,
1252 3754 1317 3812 sive
1338 3755 1439 3830 potius
1460 3756 1617 3815 contiuua-

109 3861 199 3907 manu
219 3845 386 3922 Episcopus
406 3843 462 3902 An.
490 3844 577 3903 4360.
606 3845 772 3918 Fanensis,
799 3845 836 3904 de
891 3846 936 3903 vit
951 3845 1210 3923 -intcrpclavitque
1244 3843 1413 3906 Cironium
1434 3845 1471 3905 ab
1494 3845 1615 3926 Origine
1641 3923 1643 3926 Ι

109 3957 169 4019 quo
191 3937 336 4016 Ugbellus
357 3936 471 3995 tornot
509 3951 575 4012 pag.
605 3937 672 3994 593.
706 3941 737 3994 44
769 3937 835 3996 666.
892 3935 993 3997 444444
1015 3935 1050 3994 44
1073 3951 1175 3996 aeram
1197 3937 1317 4013 llispan.
1343 3938 1420 3996 4274
1437 3939 1503 3998 sive
1524 3937 1560 3998 Α.
1581 3937 1614 4000 C.

107 4031 238 4094 lacobus
259 4029 363 4102 Quetii
382 4029 419 4088 de
437 4029 558 4105 scriptis
572 4028 836 4090 Dominiuanoruni
893 4029 972 4091 4236
994 4035 1025 4086 44
1045 4027 1186 4088 distinxit
1208 4029 1237 4087 in
1257 4025 1350 4088 libros
1367 4031 1517 4107 quatuor,
1534 4029 1614 4108 quud

110 4127 219 4186 tomi
245 4141 313 4202 pag.
335 4123 402 4184 652.
425 4128 456 4182 44
476 4120 576 4182 lulius
597 4123 685 4199 Niger
707 4123 735 4182 in
766 4126 839 4182 scri·
893 4120 1068 4182 lstuotios
1100 4121 1180 4198 llisp.
1204 4120 1241 4180 de
1264 4137 1325 4199 quo
1346 4136 1435 4200 supra
1459 4139 1524 4200 pag.
1547 4123 1614 4186 464.

108 4227 229 4299 piorum
245 4217 488 4277 Florentinurum
510 4214 633 4276 historia
666 4233 733 4294 pag.
766 4217 839 4276 884.
893 4232 958 4292 seq.
979 4213 1616 4292 rebusliispanioispotissimumillustran-

111 4316 233 4374 Praeter
253 4325 437 4386 sermonem,
459 4325 549 4388 quem
571 4325 650 4369 anuo
673 4308 759 4370 4343.
790 4325 839 4369 co·
893 4307 940 4368 dis
961 4306 1128 4367 deduxerat
1149 4304 1186 4365 ad
1207 4306 1244 4366 Α.
1265 4307 1297 4369 C.
1320 4307 1389 4367 684.
1408 4303 1615 4368 lllLDEEON-

112 4421 177 4467 ram
200 4407 276 4484 Papa
298 4404 456 4465 Clemente
490 4402 540 4464 Vl.
569 4409 600 4464 et
632 4402 840 4464 cardinalibus
894 4399 963 4463 SUS
983 4400 1094 4476 dequo
1112 4401 1337 4478 supraema,
1355 4415 1420 4478 pag.
1440 4401 1493 4460 244
1517 4417 1615 4478 usqua

158 4633 186 4695 i)
202 4636 257 4681 4444
274 4629 452 4682 benedictinus
468 4635 497 4680 ut
514 4629 653 4680 trithemio
669 4641 726 4692 cap.
743 4628 797 4681 480.
814 4629 846 4682 44
935 4629 963 4690 b)
979 4627 1042 4680 vtde
1059 4630 1182 4677 tttrieuin
1198 4625 1230 4675 ad
1240 4623 1406 4690 appendicem
1416 4626 1532 4678 iunctim
1542 4629 1613 4678 iten-

111 4713 136 4758 S.
151 4711 181 4758 44.
200 4713 227 4757 et
244 4706 329 4757 tilustr
345 4708 501 4757 benedictin.
519 4708 550 4755 41.
566 4703 606 4756 08.
625 4708 750 4756 visumst
774 4707 842 4756 sixto
890 4707 944 4754 rico
960 4703 1117 4754 4444444444
1137 4703 1167 4753 de
1183 4705 1206 4752 8.
1222 4705 1251 4752 Ε.
1268 4714 1323 4764 cip.
1339 4713 1395 4763 cip.
1412 4703 1453 4752 lx.
1514 4725 1519 4734 ·

110 4785 225 4836 8444444.
244 4781 304 4834 vide
320 4781 450 4832 oudinum
465 4787 526 4832 toni.
545 4783 560 4830 4
580 4777 694 4842 414444.
