3562 5582
225 217 293 260 rura
309 216 472 280 aquescens
485 205 550 286 4444
560 203 633 286 fidei
646 207 940 286 integritctsm,res-
992 213 1060 276 alibi
1081 231 1099 276 a
1120 210 1174 274 me*
1190 211 1358 274 nominatus
1377 209 1405 286 b)
1419 211 1586 276 4444444444
1605 217 1679 277 Desi-

222 293 317 375 crr'pto
333 312 389 357 suo
400 297 561 378 probatum
570 300 743 380 judicavit:
759 303 938 365 Sanctorum
991 311 1065 366 runt
1091 306 1259 384 Theologus
1290 305 1480 366 lovaniensis
1509 307 1537 367 in
1567 309 1680 369 Honorio

221 389 343 450 l’atrurn
366 391 741 475 vitasndceriifioctioncm
747 402 938 475 posterorum
992 399 1160 474 vindicato,
1182 398 1360 478 Aquisgraui
1381 400 1467 461 4644.
1487 398 1515 461 4.
1535 409 1565 462 44
1594 401 1680 462 444444-

220 488 341 563 ccoplcl
353 482 417 562 ipse
426 483 584 565 legendas:
602 488 768 571 mancipas
782 491 935 553 meritoris
990 493 1089 556 4444444
1104 481 1290 554 dlcrclrcst'us
1307 493 1337 550 in
1350 491 1454 572 clypeo
1465 493 1591 570 lortium,
1603 497 1677 555 Hom.

219 575 272 638 sui
288 575 404 638 Hilarii
420 577 605 644 Arelatensis
621 583 768 664 Episcopi.
798 587 936 648 letanias
990 586 1078 646 4684.
1101 587 1128 648 4.
1151 585 1204 647 sed
1225 583 1368 645 44444444
1389 585 1499 663 synodi
1525 585 1596 646 tides
1612 589 1678 647 satis

218 667 261 730 cu
279 669 507 750 supplicandum
527 675 553 749 4)
575 675 632 737 Dei
654 675 841 740 clementium
868 695 937 740 curn
990 677 1076 739 firmo
1097 686 1178 740 stare
1198 677 1258 740 talo
1279 677 1424 740 videbitut
1445 679 1568 757 illisqui
1592 686 1681 740 444444

214 759 307 841 plebe
320 762 382 827 sibi
399 766 585 858 creditcprc
605 769 725 833 uiribus
741 773 813 851 opit.
989 788 1007 832 a
1027 771 1205 833 combefisio
1227 773 1257 830 in
1287 770 1408 832 historia
1434 771 1679 833 4444444444444444

257 859 404 920 Batonius
424 859 462 920 46
482 863 672 942 Hartyroiog.
689 865 772 926 Hom.
805 867 832 926 5.
864 864 930 945 Haji
988 870 1021 924 44
1042 861 1071 924 44
1094 864 1169 925 libro
1189 865 1295 944 quinto
1323 865 1556 925 instructionum
1570 865 1681 925 ioannis

219 955 304 1012 notat
329 952 423 1014 444444
442 955 474 1016 8.
495 955 612 1018 Hilarii
628 959 671 1020 ab
688 959 838 1026 Honorato
859 962 936 1022 scri-
989 957 1145 1033 Forbesii,
1167 956 1338 1036 expendere
1361 975 1422 1018 non
1452 956 1623 1037 gravabitur.
1650 958 1680 1018 ln

217 1051 302 1122 ptum
318 1045 486 1109 excidisse:
501 1050 643 1112 nimirum
661 1052 741 1132 apud
756 1052 880 1115 Surium
900 1051 932 1114 V.
988 1052 1079 1126 tomis
1100 1052 1298 1114 conciliorum
1320 1051 1431 1112 Graece
1451 1057 1482 1111 et
1509 1053 1606 1112 Latine
1634 1067 1681 1112 es·

215 1139 292 1216 chi.
315 1139 344 1199 44
366 1144 462 1202 veteri
483 1132 614 1206 'editione
636 1146 748 1208 trustra
764 1150 929 1226 quaeritur.
987 1151 1049 1206 stat
1069 1145 1187 1206 Honorii
1210 1142 1344 1224 Epistola
1359 1141 1681 1224 commemorota

215 1234 327 1294 Prodiil
347 1240 449 1296 tamen
470 1238 500 1298 in
522 1237 672 1299 vincentii
693 1240 822 1316 Harraiis
840 1238 934 1301 (44444-
987 1238 1112 1300 alterius
1130 1239 1332 1317 fragmentum
1348 1255 1417 1300 cum
1434 1239 1527 1318 Sergii
1542 1236 1577 1298 ad
1595 1239 1681 1298 Hono

90 1378 92 1384 .
215 1327 331 1407 noiogta
352 1329 530 1393 Sanctorum
562 1333 771 1394 lerinensium
800 1350 829 1412 p.
865 1334 930 1394 443.
987 1333 1067 1393 rium
1091 1333 1218 1405 litteris,
1240 1334 1268 1392 in
1286 1332 1370 1394 dctis
1386 1330 1680 1410 Synodisestae,ac

215 1427 307 1499 atque
329 1421 398 1483 iude
419 1425 578 1486 recentiori
598 1428 699 1505 operis
721 1427 842 1490 Susiani
869 1425 934 1486 edi·-
986 1427 1067 1485 tione
1089 1425 1136 1486 42.
1158 1430 1199 1484 44.
1223 1425 1269 1484 43.
1289 1423 1403 1486 4444444
1425 1425 1524 1486 444444
1537 1425 1566 1483 44
1583 1422 1677 1484 iisdem

215 1516 287 1574 tioni
309 1512 364 1576 Ao.
388 1517 475 1578 4648.
497 1520 629 1580 inserta:
650 1525 682 1581 et
697 1537 769 1582 cum
785 1518 928 1580 Godlredi
987 1519 1297 1594 conciliorumtomis,
1309 1517 1480 1597 Epistolal.
1494 1515 1534 1578 ud
1543 1515 1679 1578 isaacium

215 1605 400 1668 tlensobeuii
422 1611 452 1670 444
468 1609 796 1674 Actiseruditnr.tom.
815 1613 843 1674 2.
862 1610 931 1690 Haji
984 1614 1188 1674 liscemrolem
1208 1610 1377 1674 eccnrclccm
1407 1613 1438 1679 2.
1466 1607 1506 1671 cd
1528 1609 1677 1690 Episcopus
1770 1647 1771 1680 2

214 1715 280 1778 pag.
301 1702 402 1766 86-34.
425 1703 499 1766 Vide
513 1712 545 1766 44
561 1722 652 1784 supra
669 1723 736 1786 pag.
753 1707 824 1768 2844.
843 1711 876 1766 44
890 1703 929 1765 44
989 1704 1123 1766 Venetiae
1139 1709 1169 1766 ct
1183 1705 1314 1781 Istriae,
1332 1707 1360 1766 3.
1376 1703 1419 1766 cd
1434 1701 1615 1766 Hdcrunlnm
1631 1705 1679 1764 iio·

216 1795 363 1856 Honorato
380 1797 436 1858 hoc
453 1797 632 1861 serrandum
650 1807 672 1860 t.
691 1801 719 1862 8.
734 1801 869 1862 ianuarii
881 1799 932 1860 46λ
985 1817 1052 1878 gem
1074 1798 1421 1861 Nurdanlrumbrensium
1438 1799 1468 1858 44
1484 1798 1585 1878 Augila
1599 1799 1623 1856 t.
1643 1795 1680 1856 orl

214 1903 280 1965 pag.
303 1891 351 1951 45.
373 1905 438 1970 seq.
459 1891 684 1955 tillemontium
705 1900 778 1956 tom.
809 1894 873 1954 XV.
904 1889 929 1954 A
985 1892 1196 1956 EONOlllilll
1209 1895 1466 1954 iioroverneusem
1483 1893 1545 1953 sive
1561 1891 1679 1952 Cantus-

213 1982 686 2064 Semipelagianismisuspicione,
700 1989 728 2047 in
739 2003 830 2066 quam
847 1987 931 2049 venit
985 1988 1115 2047 riensem
1132 1985 1330 2065 Episcopum,
1346 2002 1422 2064 ques
1435 1985 1510 2046 duas
1525 1990 1678 2063 postremas

212 2077 380 2140 Honoratus
396 2078 476 2157 apud
494 2079 644 2142 Horisium
658 2081 811 2158 aliosque,
823 2079 929 2140 deien—
983 2081 1125 2159 epistolas
1136 2097 1173 2140 444
1184 2079 1282 2141 Hedao
1294 2080 1330 2140 ii.
1342 2078 1389 2141 47.
1400 2085 1431 2138 44
1441 2075 1679 2154 48.-4444444444

211 2168 293 2230 ditur
313 2170 351 2230 ab
371 2169 499 2233 eruditis
518 2171 683 2235 editoribus
703 2172 836 2253 Operum
852 2173 928 2232 erni·
983 2175 1155 2235 romuliam
1167 2173 1529 2252 repolitSpeelmaanust.
1541 2172 1568 2231 l.
1585 2169 1679 2230 Conci-

213 2259 381 2324 rrentissiiui
401 2265 509 2326 Norisii
529 2271 602 2324 tom.
624 2263 673 2326 444.
687 2283 753 2344 pag.
771 2265 842 2329 926.
856 2264 927 2325 Edi·
982 2268 1046 2329 lior.
1057 2257 1222 2346 Angiiaep.
1235 2269 1303 2330 438.
1314 2285 1360 2345 sq.
1373 2265 1471 2326 addito
1481 2266 1568 2325 etiam
1578 2279 1605 2342 p.
1615 2258 1677 2324 444.

212 2353 253 2428 444
274 2371 351 2415 nova
371 2371 496 2435 operum
518 2357 548 2418 S.
572 2359 713 2436 Prosperi
733 2357 878 2435 Aquitani
895 2363 928 2416 44
982 2362 1096 2424 4444444
1109 2355 1679 2442 Epistolacdscctorurnpsnlentproob

175 2489 180 2504 .
210 2447 351 2510 Honorati
372 2452 585 2524 Massiliensis,
606 2468 697 2530 quam
719 2455 798 2512 notis
819 2457 850 2510 et
877 2451 929 2512 ob-
982 2458 1154 2517 servatione
1175 2456 1306 2516 Paschae
1324 2462 1355 2516 et
1373 2451 1680 2532 PelagianeeHaerese·

210 2544 431 2606 sacrationibus
452 2545 632 2608 illustratam
654 2546 691 2606 ll.
722 2547 854 2606 loannes
870 2547 928 2606 84·
980 2565 1014 2610 44
1036 2550 1253 2628 exstirpatione
1274 2566 1312 2610 444
1333 2547 1440 2608 eodem
1472 2545 1548 2607 Beda
1576 2545 1610 2604 44.
1634 2543 1676 2603 44.

210 2633 308 2712 444444,
323 2637 559 2716 Neapolitanus,
582 2640 752 2702 canonicus
772 2639 928 2718 Regularis
983 2641 1071 2722 Apud
1096 2643 1246 2704 Labbeum
1269 2640 1454 2708 4464444444
1475 2641 1561 2700 etiarn
1578 2653 1678 2714 sequn-

211 2727 281 2792 iecit
302 2730 412 2809 publici
430 2731 509 2810 juris
529 2735 661 2807 Eumae,
682 2731 772 2794 4734.
792 2733 821 2792 8.
853 2749 929 2792 non·
982 2743 1056 2796 tur:
1078 2739 1107 2797 5.
1127 2737 1260 2815 Epistola
1280 2733 1318 2796 ad
1349 2735 1506 2808 loannem,
1535 2727 1675 2791 Arrdrcorn

209 2823 282 2884 dum
304 2823 341 2886 ad
365 2841 420 2886 uos
439 2826 528 2888 allata
550 2829 609 2886 est.
986 2827 1168 2910 8444444444
1184 2833 1214 2889 44
1228 2829 1376 2889 Donatum
1386 2827 1544 2905 Episcopus
1554 2840 1604 2903 per
1614 2821 1675 2900 Epi·

248 2921 291 2980 De
308 2917 338 2980 S.
356 2917 565 2982 HONOEATO'
575 2916 793 2988 Mediolanensi
801 2919 927 2997 Episco·
985 2939 1053 2984 rum
1074 2917 1302 2986 constituisset
1315 2923 1343 2983 6.
1358 2917 1544 2999 odserpnn
1560 2912 1674 2978 Subdin-
1717 2983 1720 2989 ,

209 3029 246 3090 po
266 3015 347 3076 circa
365 3013 489 3076 Annum
505 3013 621 3076 GHristi
641 3013 709 3076 474.
726 3029 819 3092 quem
835 3013 927 3074 etiam
983 3033 1098 3076 conum.
1119 3017 1312 3094 Epigramma
1332 3003 1451 3094 ejusin
1468 3007 1612 3092 Apostolos
1629 3003 1676 3066 444

207 3105 294 3184 ajunt
321 3109 423 3168 444444
450 3124 529 3186 quae
556 3108 738 3185 scripsisse,
760 3104 831 3166 vide
852 3104 928 3166 bota
982 3108 1135 3171 scansione
1157 3109 1283 3172 Gllrr‘stl
1302 3107 1533 3189 obstupescentes
1552 3099 1676 3163 versibus

207 3199 387 3264 8444444444
403 3208 475 3262 tom.
493 3200 522 3263 2.
538 3200 681 3262 Februar.
694 3200 723 3260 8.
735 3217 764 3278 p.
778 3199 847 3260 464.
860 3213 926 3276 sqq.
977 3204 1071 3282 elegis
1092 3205 1199 3266 xxiv.
1221 3206 1250 3264 in
1273 3203 1390 3284 Georgii
1414 3199 1536 3262 Fabricii
1556 3193 1629 3256 44444
1643 3187 1675 3252 44

248 3293 442 3358 HONOHlUS
454 3297 477 3356 1.
495 3297 677 3374 Campanus,
695 3295 863 3373 Episcopus
873 3295 930 3355 444-
985 3299 1091 3358 Poetae
1107 3295 1294 3360 Christianos
1311 3315 1339 3377 p.
1362 3295 1409 3359 44.
1430 3299 1460 3355 44
1482 3295 1510 3351 44
1531 3285 1676 3352 4444444444-

206 3403 317 3448 manus
336 3391 402 3452 sive
423 3391 503 3468 Papa
522 3389 570 3450 ab.
593 3389 682 3449 Anno
708 3388 830 3448 CHristi
856 3387 925 3448 646.
981 3393 1025 3451 444
1046 3393 1168 3454 Patrurn
1190 3389 1426 3462 Purisiensibus,
1459 3380 1620 3449 coloniensi
1647 3383 1675 3434 et

207 3481 256 3540 28.
274 3481 443 3561 septembr.
457 3481 505 3542 ad.
522 3482 645 3542 Annum
664 3481 734 3540 688.
753 3481 925 3558 septembr.
982 3482 1074 3560 ngd.
1097 3489 1169 3545 tom.
1193 3485 1258 3547 Xll.
1277 3501 1345 3563 pag.
1362 3483 1431 3544 tit.
1444 3470 1674 3562 sptupiionie

207 3574 255 3634 48.
271 3575 346 3650 Ejus
362 3577 457 3636 uitam
473 3575 621 3654 opuscula
637 3580 669 3634 et
687 3572 837 3634 vindicias
853 3589 925 3644 eum
980 3578 1113 3636 cessoris
1134 3578 1229 3656 ipsius
1249 3575 1396 3659 Bonifncii
1420 3575 1449 3636 V.
1469 3570 1605 3634 versibus
1622 3563 1675 3624 ele

206 3667 337 3730 Concilio
357 3670 490 3730 Humano
511 3669 569 3729 44.
591 3667 659 3726 cte.
682 3667 806 3727 44444444
830 3667 851 3726 l.
874 3668 928 3728 Pa·
981 3671 1027 3748 gis
1048 3669 1140 3730 xvlt.
1161 3669 1473 3734 servavitrilruterus
1500 3668 1530 3726 iu
1559 3663 1674 3738 Corpore

205 3779 261 3841 pae
282 3761 434 3842 publicare
457 3761 551 3823 voluit
570 3759 723 3839 iosepbus
744 3761 835 3822 444444
852 3760 928 3822 Sva
980 3765 1173 3841 antiquarum
1194 3765 1424 3844 inscriptionum
1439 3777 1467 3840 p.
1484 3754 1617 3820 4464444.
1632 3749 1672 3811 444

207 3859 325 3930 resins,
346 3863 426 3918 teste
446 3854 556 3920 4444444
577 3872 643 3935 pag.
667 3855 734 3915 468.
752 3871 844 3933 apum
872 3855 927 3916 Ur·
981 3849 1673 3920 audehabentllarcniusadAnnumiillrnum.

205 3953 363 4027 bonarum,
375 3948 456 4029 quod
478 3950 592 4013 4444444
604 3949 688 4010 abeo
703 3965 761 4010 nou
779 3950 923 4028 comperi.
970 3949 1029 4029 46.
1046 3949 1158 4011 Paulus
1172 3949 1326 4029 Aringbus
1338 3952 1369 4010 in
1386 3951 1478 4009 444444
1495 3943 1674 4006 subterranei

204 4042 924 4124 44444444444444484444444444844ςὶ444644.
980 4046 1100 4105 tumul.
1123 4061 1189 4122 pag.
1216 4044 1282 4106 464.
1303 4051 1336 4104 44
1357 4037 1571 4120 Papebrochius
1587 4033 1613 4090 in
1631 4043 1673 4088 co-

204 4141 321 4220 aliaque
342 4157 401 4202 nou
423 4140 549 4200 obscura
571 4136 757 4198 documenta
773 4136 926 4198 interiir-
980 4141 1053 4196 natu
1075 4133 1112 4196 ad
1134 4136 1312 4216 Cataiogum
1333 4133 1524 4206 Pontificum,
1541 4129 1602 4188 sive
1616 4136 1689 4200 [reu¹

203 4233 364 4296 4444444444
385 4233 520 4294 damnati
542 4233 598 4292 An.
621 4228 688 4291 687.
714 4248 732 4290 4
753 4234 845 4290 semia
871 4231 926 4308 Sp·
979 4229 1086 4308 pylaeo
1106 4228 1144 4290 ad
1166 4229 1243 4291 Acta
1264 4231 1442 4292 8444444444
1463 4223 1528 4302 Haji
1544 4229 1606 4300 pag·
1630 4211 1674 4272 96·

204 4325 298 4403 nodo,
318 4331 344 4406 a)
366 4328 453 4389 multi
475 4327 683 4405 scripserunt,
706 4329 776 4402 post
808 4321 923 4382 4444444-
982 4323 1134 4402 integrius
1150 4323 1241 4384 etiarn
1257 4322 1425 4386 Guilelmus
1442 4310 1675 4388 tinorumiuue-

115 4409 118 4424 ’
205 4421 341 4500 minum,
362 4423 565 4495 Gretseranr-,
587 4419 768 4491 Heronium,
786 4415 924 4494 aliosque
980 4415 1048 4476 374.
1073 4415 1205 4495 syllogus
1221 4419 1362 4479 Veterum
1378 4412 1610 4491 inscriptionum.
1625 4401 1675 4462 Di*

981 4512 1070 4590 nique
1091 4509 1216 4573 Houorii
1247 4513 1341 4590 ipsius
1372 4506 1569 4588 Epitaphium.
1596 4493 1676 4597 quale

979 4608 1080 4666 4444444
1100 4599 1229 4688 Romae,
1251 4603 1391 4666 versibus
1412 4608 1442 4662 et
1474 4600 1568 4678 ipsum
1592 4589 1676 4664 414448

247 4658 273 4720 ³)
289 4662 327 4709 446
343 4661 440 4727 Comei.
455 4663 652 4714 inclinandum.

265 4735 291 4796 a)
308 4735 369 4786 vtds
383 4739 508 4789 sirmondi
525 4743 605 4802 opera
619 4746 640 4788 t.
655 4737 680 4788 4.
707 4750 732 4799 p.
759 4733 814 4786 684.
839 4747 878 4796 sq.
905 4735 933 4782 et

202 4823 266 4874 4444
283 4815 368 4864 notari
387 4815 413 4864 iu
429 4812 494 4864 44444.
512 4816 608 4865 Graeca
623 4819 643 4862 t.
659 4815 687 4861 x.
707 4825 730 4874 p.
749 4810 802 4862 444.
819 4815 845 4859 44
860 4806 916 4860 444.
1020 4806 1047 4870 b)
1063 4803 1117 4862 4444,
1134 4818 1159 4866 p.
1174 4805 1230 4856 445.
1246 4817 1284 4866 44.
