3562 5582
209 79 284 143 m
755 75 1170 148 attumulatus

209 187 296 250 hilion
328 185 409 250 illius
437 194 485 254 est
511 205 565 267 per
581 188 704 250 eosdem
722 188 866 274 humores
885 191 931 251 lu·
985 195 1146 272 superfluis
1166 193 1262 270 oibis,
1284 199 1315 254 et
1335 193 1454 274 potibus
1483 191 1551 256 tunc
1570 211 1674 278 supern-

208 288 278 360 geta
299 281 329 341 in
351 283 517 352 siccitatem
539 281 701 362 aliquando
724 285 875 360 vertitur,
900 293 932 346 et
985 285 1179 362 hundaverit,
1197 287 1338 367 pinguem
1355 288 1467 366 lepram
1480 287 1518 348 illi
1533 291 1670 370 aliquando

209 373 394 452 indurescit,
417 375 498 438 unda
519 383 551 438 et
570 393 643 438 caro
667 378 761 456 ipsius
782 377 932 443 ulcerosa.
985 381 1138 458 inierunt,
1159 383 1300 459 quonism
1320 395 1427 443 earnes
1457 383 1520 442 eius
1540 385 1668 464 ingresse
1757 431 1758 436 η

209 477 242 529 et
261 470 485 549 squamosasdt,
498 471 585 532 velut
595 471 738 550 leprosus
750 473 790 532 ait
806 489 876 534 cum
891 474 933 534 le-
986 480 1085 534 scunt.
1097 473 1184 546 Quod
1200 475 1225 534 si
1242 474 1367 552 praelat-i
1382 473 1519 534 humores
1536 493 1585 537 nec
1598 493 1673 556 supra

206 577 293 641 prem
313 579 372 623 nnn
395 562 512 625 haheat.
530 565 631 626 Venae
648 566 739 626 etiam
758 565 931 628 lumborum
987 565 1109 630 modum
1127 567 1215 643 eieci,
1237 581 1293 628 nec
1315 581 1405 645 supra
1426 567 1541 628 modum
1561 567 1672 644 humidi,
1757 565 1758 576 ’

209 657 304 734 ipsius
318 673 372 734 per
386 655 452 721 illos
476 660 589 720 iniuste
615 665 713 720 tactae
730 666 867 720 caeterae
883 677 932 720 eo-
984 659 1037 721 sed
1059 661 1196 739 aequali,
1218 666 1249 720 at
1270 675 1400 738 congruo
1431 657 1514 720 modo
1537 665 1674 738 temperati

208 747 278 810 <hm
299 748 388 814 moto
418 758 632 830 commovent,
653 753 695 813 ita
717 757 751 813 ut
773 757 855 814 reeta
876 752 932 815 hu·
986 770 1039 832 per
1060 754 1193 816 membra
1216 753 1346 814 hominis
1366 751 1568 815 diffunduntur
1583 755 1676 814 innor-

210 840 331 904 miditas
353 846 382 904 iu
401 845 466 922 ipso
487 845 788 928 exsiccetur,1sicque
804 844 931 906 humore
972 843 1054 926 'pore
1076 863 1140 923 suo,
1158 848 1208 909 ille
1225 863 1319 910 senus
1334 853 1489 926 permanat
1503 855 1533 906 et
1550 848 1577 906 iu
1591 848 1675 908 soien-

208 936 312 1006 relicto
338 939 528 1017 impetigines
548 940 578 998 in
601 939 650 1000 itto
680 945 842 1018 exurgunt.
874 939 931 1002 Vs·
984 942 1025 1001 tia
1045 943 1111 1003 sive
1140 941 1177 1003 ad
1209 941 1419 1004 honum-sive
1447 939 1484 1000 ed
1510 939 1612 1002 melum
1632 957 1674 1000 ur-
1757 989 1758 1004 2

209 1047 265 1092 nae
295 1048 417 1110 quoque
445 1049 552 1094 renum
582 1031 718 1097 eiusdem
751 1031 882 1094 hominis
912 1047 934 1092 u
983 1051 1068 1112 gens.
1089 1033 1182 1091 4⁴*

207 1125 351 1203 praelatis
374 1125 552 1188 humoribus
581 1125 692 1187 iniuste
709 1128 868 1188 commotis
885 1128 930 1188 in·
1022 1131 1135 1190 Beatus
1148 1125 1414 1190 lllLDEGhllDUS
1428 1129 1551 1206 scriptor
1565 1124 1675 1188 uiter

207 1216 330 1280 terdum
351 1223 449 1280 tectae
469 1219 543 1281 alies
564 1235 682 1294 venne,
703 1219 877 1298 quaeipsis
897 1221 927 1280 in
982 1219 1104 1284 heberti
1120 1220 1308 1304 Gnosessoris
1322 1239 1337 1284 e
1351 1219 1677 1299 lotharingiret’rinrpi-
1756 1243 1758 1300 3

208 1313 361 1374 suriseut
379 1313 413 1374 in
439 1311 556 1392 reliquo
586 1327 727 1392 corpore·
742 1312 929 1387 adhaerent,
982 1317 1040 1378 hus
1056 1315 1192 1393 oriundi,
1210 1325 1241 1378 et
1269 1316 1440 1396 Bingiorum
1465 1315 1570 1386 Ducis,
1593 1311 1677 1373 editae
1757 1325 1758 1336 ¹

208 1411 243 1466 ut
263 1404 451 1483 praedictum
471 1413 519 1466 est
539 1409 750 1468 concutientes
778 1407 930 1472 medullas
988 1411 1121 1489 liogunt.
1138 1411 1217 1472 itit
1240 1413 1287 1470 is

208 1499 324 1560 ossium
345 1504 378 1560 et
397 1515 492 1562 renus
512 1503 619 1562 cernis·
634 1500 717 1562 illius
740 1503 773 1560 in
791 1503 931 1564 siccitate
1021 1503 1292 1566 uttunuhuutts
1313 1518 1350 1563 ax
1372 1503 1492 1562 Menace
1512 1499 1540 1561 S.
1560 1497 1675 1575 Dionysii
1757 1491 1758 1552 ἒ

208 1591 394 1664 arefaciunt,
407 1597 439 1654 et
454 1595 498 1654 sic
512 1593 601 1656 homo
613 1594 667 1656 diu
681 1595 809 1674 languet·
817 1597 847 1659 in
865 1595 928 1657 lane
984 1600 1074 1659 Paris.
1086 1593 1157 1658 ord.
1170 1595 1354 1658 Benedictio.
1369 1594 1534 1674 Episcopus
1550 1597 1614 1652 aute
1623 1589 1674 1650 llu-

208 1701 301 1763 guore
320 1688 378 1748 isto
393 1689 485 1748 vitam
503 1687 777 1750 detrahens-Sed
794 1689 929 1769 aliquan·
983 1707 1054 1753 nuru
1072 1690 1141 1753 sta.
1158 1689 1338 1763 tieldensie,
1355 1693 1511 1766 superstes
1525 1683 1676 1747 edhnohn.
1757 1715 1758 1734 2

208 1777 248 1840 do
265 1781 391 1857 praeisti
412 1779 557 1843 humores
578 1783 608 1842 in
627 1788 780 1860 pectorum
797 1781 928 1844 hominis
981 1782 1050 1845 873.
1072 1785 1192 1863 scripsit
1212 1781 1307 1844 vitum
1326 1783 1357 1844 S.
1374 1780 1502 1846 rmore
1515 1779 1563 1864 qui
1576 1784 1605 1839 st
1620 1780 1674 1856 ipse

91 1867 95 1876 ’
207 1889 299 1954 supra
319 1873 442 1936 modum
464 1876 493 1934 in
512 1875 691 1938 humiditate
709 1876 876 1949 inundant,
895 1876 928 1937 il·
981 1878 1151 1957 Episcopus
1167 1871 1676 1940 tieldoneisiuitcircednnumtit.
1757 1873 1758 1916 l

208 1967 289 2046 lique
306 1964 395 2045 jecur
424 1970 492 2031 eius
523 1969 702 2032 humiditate
733 1969 792 2032 ista
822 1971 929 2032 hume*
982 1968 1085 2030 Edidit
1106 1971 1294 2031 hlabillonius
1315 1971 1380 2031 Sec.
1396 1968 1423 2028 2.
1441 1965 1606 2028 Benedietin
1620 1979 1675 2040 pag.
1757 1989 1758 1992 ¹

207 2067 313 2134 cunt,
334 2062 414 2125 unde
434 2065 676 2144 quamplurimae
696 2073 730 2125 et
749 2068 850 2127 variae
880 2081 930 2126 co-
984 2064 1052 2124 606.
1066 2065 1111 2126 De
1127 2065 1241 2124 Farone
1257 2071 1289 2122 ot
1299 2061 1463 2140 hildegario
1472 2057 1677 2122 adeundiSam
1757 2135 1758 2160 Χ

208 2156 368 2231 gitatiunes
389 2157 420 2217 in
440 2156 572 2220 eundern
589 2158 742 2220 hominem
758 2160 928 2238 insurgunt,
944 2176 947 2184 ·
984 2159 1135 2220 marthani
1158 2163 1181 2216 t
1203 2159 1230 2218 3.
1252 2155 1364 2218 Galliae
1379 2153 1564 2234 Christianae
1577 2167 1605 2230 p.
1620 2149 1677 2208 tao.

207 2249 247 2308 ite
268 2255 303 2310 ut
324 2265 357 2310 se
379 2266 460 2312 nuno
481 2253 572 2313 nimie
591 2253 720 2329 stultum
741 2269 810 2314 esse
830 2258 927 2332 putet·
985 2251 1052 2313 696.

207 2349 239 2401 et
264 2341 374 2406 deinde
403 2343 493 2406 iidem
525 2345 669 2408 humores
699 2345 738 2422 ed
769 2346 928 2410 cerebrum
1023 2343 1288 2410 ElLDEGdSTUS
1318 2340 1514 2420 Philosophus
1546 2345 1577 2399 et
1605 2338 1678 2394 rates
1756 2365 1758 2434 3

207 2435 409 2501 ascendentes
422 2438 496 2500 illud
513 2438 674 2512 inficiunt,
691 2446 784 2518 atque
809 2440 847 2500 ad
868 2446 929 2500 ato-
983 2441 1187 2513 Francorum,
1209 2439 1234 2497 si
1254 2435 1406 2498 credimus
1426 2433 1568 2506 simlero,
1583 2427 1677 2490 docus

208 2530 350 2594 maehum
370 2529 579 2608 descendunt,
602 2531 764 2611 lebresque
778 2534 809 2593 in
826 2549 862 2594 ao
875 2549 931 2612 ge·
986 2533 1085 2594 simus
1104 2534 1184 2594 circa
1206 2531 1329 2593 Annum
1347 2526 1416 2592 uto.
1430 2526 1561 2589 carmine
1571 2519 1677 2582 *heloim

207 2631 332 2698 nerant,
353 2626 457 2704 sicque
477 2625 568 2686 homo
597 2623 647 2687 illc
668 2625 720 2688 diu
744 2625 926 2688 infirmatur.
983 2625 1113 2688 Somnia
1133 2622 1222 2706 Repis
1241 2623 1335 2685 citum
1355 2623 1483 2701 scripsit.
1511 2610 1677 2682 Commenti-

203 2718 305 2780 Venae
323 2735 444 2798 quoque
477 2721 597 2783 eurtum
617 2733 690 2782 curn
712 2719 926 2798 superfluitate
983 2723 1045 2781 tius
1068 2720 1117 2781 hic
1138 2725 1221 2780 recte
1243 2717 1362 2779 videtur
1382 2715 1487 2778 Vossin
1509 2731 1536 2793 p.
1558 2709 1619 2772 829.
1635 2707 1678 2767 Str

203 2813 353 2894 flegmatis
372 2812 525 2876 interdum
547 2820 697 2891 tangunt,
724 2814 852 2892 illaeque
875 2829 928 2873 ve-
984 2817 1212 2877 resarcionem
1243 2811 1352 2874 ducem
1375 2811 1554 2869 Francorum
1573 2802 1675 2902 comitti

210 2921 265 2970 nas
286 2906 439 2985 pulmonis
469 2923 541 2968 cum
572 2906 678 2969 eodem
715 2908 856 2987 flegmate
886 2909 926 2968 ita
983 2911 1060 2969 circe
1082 2907 1205 2970 dunum
1227 2906 1296 2968 388.
1311 2903 1434 2964 demum
1452 2897 1636 2980 irruptionem
1652 2903 1676 2948 tn
1757 2915 1758 2918 ¹

210 2999 367 3076 inficiunt,
389 3007 425 3062 ut
454 3001 543 3064 homo
573 3001 684 3062 tussiat
703 3007 735 3063 et
756 3003 807 3062 vix
829 3004 930 3080 euspi-
983 3001 1176 3062 Germaniam
1197 3017 1268 3062 cum
1295 2993 1465 3058 Genohsldo
1500 2991 1619 3059 lecisset
1644 2979 1676 3042 (¹0
1757 2997 1758 3016 ³

208 3111 274 3158 rere
295 3097 407 3175 possit,
424 3101 456 3156 et
471 3093 577 3156 eadem
595 3095 792 3174 superfluitas
805 3095 929 3174 degina-
984 3111 1043 3172 qua
1058 3095 1221 3173 Gregorius
1231 3091 1416 3154 'furonensis
1426 3087 1474 3149 lih.
1486 3087 1515 3147 2.
1537 3084 1638 3144 histo.
1651 3075 1675 3136 ι.

206 3191 246 3248 tis
266 3188 305 3250 de
337 3191 424 3250 renis
455 3190 607 3268 pulmonis
637 3188 674 3250 ed
707 3205 802 3250 venas
828 3185 928 3248 cordis
1024 3184 1287 3249 uttuuuotutts
1309 3184 1476 3264 Episcopus
1497 3176 1675 3242 svesaimen·

207 3287 379 3360 transiens,
400 3284 520 3347 illudio
542 3283 677 3345 dolorem
694 3287 807 3362 ponat,
828 3281 927 3368 dolor·
984 3283 1045 3358 sis,
1067 3283 1155 3342 morti
1186 3281 1308 3341 vicinus
1337 3279 1372 3338 h.
1402 3271 1469 3335 sit.
1502 3265 1677 3335 Breviculum

206 3393 267 3456 que
283 3381 341 3438 iste
356 3378 394 3440 ad
412 3379 493 3440 letus
504 3377 640 3440 eiusdem
656 3376 786 3438 huminis
800 3376 926 3450 vadens,
983 3375 1187 3436 Confessionis
1208 3389 1281 3435 suae
1304 3371 1386 3430 misit
1406 3365 1443 3428 ed
1475 3356 1676 3428 illNClillllUli

105 3533 113 3550 ,
206 3469 350 3548 pleurisin
373 3473 486 3533 excitet
515 3487 647 3548 eumque
680 3473 721 3532 ita
751 3472 925 3546 concutiat,
982 3469 1182 3543 lismensem,
1213 3473 1244 3527 ct
1275 3467 1313 3527 sb
1333 3481 1368 3526 eo
1387 3460 1529 3540 singulari
1561 3450 1676 3535 Epistola

205 3565 292 3642 qussi
309 3565 457 3628 caducum
479 3563 617 3626 morbum
637 3565 666 3623 in
685 3562 805 3624 delectu
825 3564 926 3623 tunae
982 3567 1030 3622 est
1051 3560 1227 3636 absolutus,
1249 3575 1327 3639 quae
1357 3561 1457 3617 exstat
1477 3561 1550 3614 tom.
1576 3550 1593 3610 2
1611 3547 1677 3623 opp

204 3658 321 3720 haheat.
355 3659 513 3737 Superdua
544 3657 636 3718 etiem
659 3653 854 3718 inundatione
882 3655 927 3712 vi-
983 3656 1132 3716 Eincmsri
1154 3671 1184 3734 p.
1206 3653 1348 3716 taetus.

205 3767 291 3813 wera
312 3754 342 3822 in
366 3751 505 3814 umbilico
526 3750 658 3812 hominis
679 3753 807 3808 movent
825 3755 861 3807 ac
882 3748 927 3808 sic
1024 3747 1276 3810 ttttutttthutls
1296 3743 1458 3809 Monachus
1489 3759 1526 3802 ex
1558 3732 1679 3799 Fraooiae

206 3847 244 3910 nd
272 3846 431 3910 cerebrum
452 3845 542 3908 illius
573 3841 764 3917 ascendunt,
795 3857 926 3920 eumque
981 3842 1117 3922 partibus
1139 3845 1168 3902 in
1191 3843 1306 3904 ltaliam
1324 3855 1393 3901 cum
1411 3825 1621 3897 LEUTGhlllO
1636 3837 1679 3928 vu

207 3942 386 4004 irenationm
419 3940 575 4002 multoties
606 3937 740 4010 iaciunt,
771 3949 927 4014 venasque
981 3941 1069 4015 catus
1089 3935 1289 3997 Mediolanum
1320 3935 1346 4008 e)
1367 3929 1485 3992 saeculo
1516 3927 1576 3987 lere
1596 3914 1678 3980 medlo

206 4039 237 4100 in
265 4037 377 4102 lumbis
408 4036 489 4098 illine
521 4031 707 4094 concutiunt.
733 4027 928 4090 Eelencholia
982 4019 1061 4088 nono
1073 4075 1082 4102 ,
1104 4030 1225 4107 scripsit
1256 4025 1468 4108 expositorem
1491 4019 1520 4080 in
1552 4007 1688 4092 epotis

206 4145 326 4212 quoque
353 4134 383 4192 iu
412 4132 476 4210 ipso
509 4133 659 4207 tanguut3
681 4125 722 4185 ita
744 4129 777 4185 ut
801 4123 849 4184 itte
870 4123 926 4186 hoc
981 4123 1011 4184 S.
1034 4120 1205 4194 Benedicti,
1227 4138 1319 4200 quarn
1344 4115 1437 4180 rouo
1458 4113 1585 4176 uicum
1604 4119 1677 4186 pltss·

206 4227 294 4288 modo
319 4227 507 4288 contortetur
538 4221 696 4296 tristisque
716 4219 783 4278 sinc
815 4214 928 4276 discre-
981 4225 1028 4276 ter
1046 4231 1109 4276 rem
1131 4216 1306 4277 tribuerunt
1323 4217 1381 4274 Leo
1396 4199 1679 4298 linrsicanusetlt*

206 4322 287 4381 tione
307 4321 464 4382 efficiatur.
496 4312 653 4378 interdum
684 4326 805 4389 quoque
837 4307 926 4368 iidem
983 4316 1049 4370 trus
1081 4311 1251 4370 Diaconum:
1282 4303 1395 4369 Basilio
1426 4299 1562 4372 stimi,
1592 4301 1678 4356 nescu

207 4413 350 4476 humores
366 4418 397 4474 in
417 4409 610 4475 convenienti
631 4405 854 4468 humectatione
875 4418 928 4462 ve-
982 4405 1054 4478 cui,
1084 4402 1185 4465 Codex
1217 4401 1386 4464 Eonssterii
1414 4394 1573 4476 dugiensis
1600 4397 1677 4464 quem

209 4523 264 4568 nes
288 4525 395 4572 renum
417 4507 549 4568 hominis
570 4505 715 4580 tergum,
734 4496 862 4575 illaeque
883 4497 927 4556 sic

208 4607 376 4662 θῦωωθῑὸθ
396 4593 492 4662 vem
521 4611 662 4661 summm
683 4592 783 4662 imus*
810 4596 841 4652 et
860 4605 928 4652 ὥθ’
1023 4645 1048 4704 e)
1064 4647 1212 4708 Enmpertus
1229 4642 1365 4695 nrlxtenste
1381 4641 1534 4704 Episcopus,
1552 4625 1616 4692 ⁸9⁸⁶
1638 4625 1681 4670 '⁸'

210 4701 291 4756 teras
309 4709 404 4756 venas
418 4695 551 4772 eorporis
569 4691 664 4772 ipsius
678 4687 829 4768 mpcrilua
840 4687 928 4748 inun-
977 4721 1110 4770 mmmm
1125 4725 1187 4770 mm,
1204 4719 1228 4770 ,Ι
1239 4717 1349 4768 ΑΜ,
1368 4727 1394 4779 p.
1411 4711 1451 4763 Μ,
1467 4706 1596 4773 (epum...
1611 4701 1680 4749 „sorr

210 4787 329 4850 datione
351 4787 506 4863 inliciunt,
529 4793 560 4846 rt
581 4788 606 4847 ei
627 4786 718 4846 etiam
737 4783 816 4845 idem
838 4781 926 4842 homo
977 4807 1032 4858 pag.
1049 4791 1117 4854 tte.)
