3596 5610
252 117 310 179 aut
872 111 1124 174 rutubus

247 224 286 284 lio
307 222 451 283 Patavino
472 217 624 291 00044000,
646 231 681 276 ao
702 222 860 296 proptcma
881 235 899 279 a
918 220 969 280 lo·
1062 218 1710 304 rotmuuscauomsupmnommcomo.

248 333 327 376 anne
347 327 413 374 xxu
431 311 593 372 damnatus
616 311 645 368 in
667 308 789 372 decreto
810 318 967 392 extravag.
1062 313 1222 376 4044444448
1236 312 1272 374 do
1289 314 1413 378 Geduno
1425 319 1482 379 448.
1498 321 1709 380 commentarius

244 410 279 470 Λ.
292 405 369 469 4327
381 403 459 482 quod
477 404 596 481 incipit:
612 401 680 464 licat
696 402 780 464 intro
796 403 964 466 doctrinam
1022 406 1058 468 dc
1078 406 1183 468 auimo
1207 417 1391 470 memoratur
1411 427 1427 470 a
1448 411 1573 471 8004040
1591 417 1668 490 parte
1687 413 1712 472 2.
1782 421 1783 490 t

243 497 381 583 Apostoli.
405 496 445 558 m
461 497 542 556 enim
559 494 804 576 informationem
821 497 858 559 de
873 497 963 560 utrili-
1023 500 1097 560 bibl.
1114 501 1195 580 Beig.
1216 517 1283 581 pag.
1297 501 1345 561 89.
1357 502 1430 564 Vide
1441 515 1530 582 supra
1555 501 1712 566 4000044444
1781 505 1783 576 i

245 599 304 656 4044
318 603 517 673 processuum
529 587 676 652 40400040
697 591 781 652 llllll
788 595 896 652 contro
909 594 968 654 Lu·
1022 592 1177 655 44004000.
1782 579 1783 622 ³

242 687 380 750 doricum
401 685 478 763 Imp.
502 700 555 763 pro
578 685 789 762 superioritate
803 687 968 765 imperato
1065 687 1235 750 JOANNES
1269 687 1405 750 deiismu
1436 700 1524 752 natus
1551 690 1712 752 8000440404

241 797 284 842 rrs
297 783 327 840 io
343 777 572 857 temporalibus,
588 793 681 854 quam
697 778 791 839 edidit
803 780 968 842 Goldastus
1022 781 1075 842 40.
1099 781 1179 842 4443
1195 783 1419 844 Caesammonti
1439 799 1509 843 vero
1529 786 1590 846 sire
1603 781 1711 844 liniter·

135 899 138 906 ¹
241 875 342 935 tomi
365 871 556 932 44οο0400400
571 871 692 950 imperii
710 889 776 951 pag.
796 875 882 935 48-24
904 876 968 952 ipsc
1021 872 1148 953 0444004
1180 891 1196 935 0
1233 892 1343 954 proavo
1362 875 1524 938 educatus:
1545 875 1710 954 Argentorati

127 973 131 982 “
243 971 272 1028 in
294 966 368 1027 diss.
387 965 629 1042 decoctoribus,
651 965 967 1044 tomoillipraemissn
1025 967 1157 1046 denique
1179 968 1229 1028 ubi
1250 983 1303 1046 per
1324 983 1528 1030 annosxxxur
1544 984 1637 1030 sacras
1647 969 1711 1030 000-
1782 967 1783 1038 i

243 1068 335 1139 negat
356 1059 438 1120 iilius
460 1057 614 1136 scriptoris
634 1073 724 1131 0000,
746 1058 821 1119 alias
841 1059 964 1117 interim
1025 1063 1131 1121 ciones
1151 1075 1221 1120 cum
1247 1061 1346 1122 fructu
1367 1062 1476 1123 babuit
1498 1060 1648 1122 4404000400
1665 1060 1710 1120 40.
1782 1089 1783 1136 p

173 1151 178 1162 '
241 1152 310 1230 eius
326 1152 553 1213 lucubrationes
567 1149 703 1224 laudans,
724 1149 963 1212 Commentarios
1025 1156 1105 1217 4540
1120 1155 1171 1215 Vir
1188 1157 1329 1234 egregius
1349 1173 1441 1234 quem
1456 1157 1486 1216 Β.
1502 1152 1711 1216 0040000000
1782 1139 1783 1192 l

241 1263 335 1327 super
355 1241 531 1318 8404404400,
553 1249 584 1302 04
605 1240 813 1317 Quodlibetum
828 1261 846 1304 a
863 1244 967 1304 440404-
1021 1246 1176 1308 decoravit
1192 1248 1362 1326 epitaphio:
1383 1248 1463 1309 44440
1485 1247 1634 1310 44444044
1646 1245 1711 1307 44444.

241 1342 282 1402 lio
307 1341 452 1401 Pamvtno
474 1340 503 1396 in
526 1352 635 1397 manus
656 1335 820 1398 hominum⁴
848 1336 967 1398 datum.
1024 1343 1102 1402 44404
1121 1337 1227 1402 ocimo
1253 1340 1392 1421 quisquis
1425 1357 1465 1404 44.
1484 1339 1622 1402 lulum
1643 1338 1713 1400 0444-

242 1438 285 1498 Dc
305 1431 401 1510 hujus
421 1431 547 1491 loannis
577 1430 805 1508 quaestionibus
826 1435 859 1490 04
879 1430 968 1493 Gom·
1022 1433 1127 1496 Lliflo
1159 1433 1444 1506 Caesaremomtunn,
1467 1432 1628 1512 4440400404
1655 1448 1711 1494 oon
1781 1471 1783 1516 ,

243 1527 405 1589 mentariis
420 1527 449 1584 in
467 1522 638 1585 Aristotelis
657 1524 794 1602 Physica,
808 1521 967 1601 bietapby·
1020 1523 1194 1602 4044444000,
1208 1526 1264 1606 0444Ι
1279 1525 1393 1590 Pericle
1403 1525 1588 1607 eloquentior,
1603 1527 1711 1590 8044044
1782 1547 1783 1562 ¹

243 1624 315 1696 sica,
346 1619 509 1696 librosque·
534 1616 572 1678 de
603 1618 719 1692 anima,
741 1617 835 1678 Coelo
866 1623 898 1676 04
928 1614 967 1674 de
1021 1617 1224 1694 comitemur,
1256 1617 1613 1700 Numaquerclipiosior,
1643 1617 1710 1679 oitoc
1781 1615 1783 1706 j

241 1708 557 1796 Mundovidendusll.
570 1707 807 1771 Wartbonusad
819 1710 965 1770 caveum.
1024 1711 1224 1774 sanctimonio
1244 1719 1274 1774 ct
1292 1713 1390 1778 socm's
1409 1709 1597 1777 commonibus
1615 1711 1713 1790 44040·
1782 1709 1783 1712 ’

242 1805 436 1884 eroestionm
448 1803 479 1865 io
493 1801 661 1864 4404400404
677 1801 713 1864 do
729 1798 899 1862 substantio
911 1800 968 1862 Or·
1020 1810 1199 1868 torotcusem
1227 1806 1373 1888 populum
1392 1806 1491 1868 Annos
1512 1805 1635 1868 4444444.
1661 1819 1711 1864 mn

241 1897 297 1974 bis,
317 1898 453 1979 prodiero
474 1898 582 1959 venet.
605 1897 685 1956 4488
707 1895 787 1958 4496
811 1895 885 1956 4804
915 1894 963 1954 404.
1020 1899 1085 1960 sinc
1104 1913 1213 1978 040000
1229 1898 1368 1982 prosectu
1387 1899 1524 1973 cmtdioit,
1546 1895 1650 1960 04044444
1665 1901 1712 1956 ua

278 1987 965 2064 lObNNESGonweraliisGoumrr,Gottocr,
1020 2003 1111 2072 quom
1131 1998 1315 2068 ascematus,
1335 2010 1482 2074 00000444
1500 1990 1597 2073 patrio
1615 1990 1712 2068 offerto

243 2087 406 2151 carmelita
420 2084 589 2161 'theologus
605 2083 799 2160 bloguntinus
816 2083 867 2159 qui
888 2081 967 2148 Con·
1019 2084 1102 2167 souil,
1118 2085 1208 2148 bonos
1223 2103 1261 2148 cc
1275 2085 1375 2148 doctos
1391 2103 1471 2148 maro
1487 2083 1580 2148 smdio
1598 2081 1696 2144 4444044
1704 2101 1710 2141 t

244 2179 498 2264 ciliobasiieensi
515 2176 551 2237 4.
569 2177 647 2238 4440
667 2174 812 2248 interfuit,
829 2189 864 2234 ac
881 2185 967 2252 0400
1019 2178 1281 2260 Arpautorotonsis
1301 2177 1412 2260 inclyto
1433 2182 1515 2259 44440.
1538 2182 1650 2240 0444404
1668 2172 1710 2234 do

244 2281 291 2334 ter
319 2275 485 2334 Sermones
498 2269 537 2330 dc
553 2277 701 2347 tempore,
728 2265 767 2328 de
795 2267 918 2328 Sanctis
935 2274 967 2326 04
1020 2272 1087 2333 cori
1101 2277 1129 2333 44
1142 2271 1318 2334 monimento
1325 2273 1433 2353 posuit.
1448 2271 1624 2334 4004400404
1636 2267 1716 2330 ml

243 2357 968 2442 0004400004040104440440040400000040400-
1020 2381 1137 2428 mames
1161 2365 1205 2426 li!
1230 2364 1293 2428 dies
1317 2366 1414 2428 XXIV.
1438 2361 1519 2431 obiit
1542 2362 1624 2424 totius
1638 2359 1716 2422 aba

242 2458 366 2519 dumet
389 2454 589 2519 Concordiam
614 2451 830 2532 aromaticam
844 2451 905 2528 ,in
926 2453 970 2513 lV
1020 2458 1079 2520 4404
1111 2457 1273 2538 4044044444.
1291 2457 1414 2537 defletus
1437 2455 1492 2518 sub
1527 2451 1717 2520 llomimiiioor

240 2550 334 2613 libros
354 2553 583 2612 Sententiarum.
606 2546 681 2608 Vide
701 2547 901 2608 'lritbemium
926 2546 964 2607 de
1020 2551 1129 2630 44400
1142 2567 1201 2630 quo
1218 2547 1255 2612 ob
1269 2549 1349 2612 uitur
1365 2550 1558 2630 4440400440
1563 2545 1714 2629 plurinum
1781 2597 1783 2622 ,

239 2647 342 2724 script.
363 2645 465 2705 Germ.
488 2659 552 2721 cap.
577 2639 634 2704 479
652 2647 684 2702 04
704 2639 741 2702 de
762 2641 793 2700 S.
816 2657 880 2719 cap.
901 2639 961 2701 793
1020 2649 1143 2706 amotus
1155 2642 1308 2718 otmaro
1326 2644 1450 2706 44404404
1465 2638 1715 2706 timocliam.
1781 2627 1783 2692 4

169 2725 179 2746 “
237 2739 435 2801 Possevinum
456 2743 488 2797 et
508 2735 664 2815 alegrium
685 2751 752 2814 pag.
774 2734 843 2794 346.
1022 2737 1091 2799 lios.
1110 2735 1191 2798 Prot
1206 2753 1298 2816 quom
1314 2737 1388 2798 recti
1404 2733 1622 2818 4040044000
1638 2733 1713 2792 croti
1782 2711 1783 2762 ¹

258 2831 449 2896 solutas
469 2827 506 2890 de
527 2825 714 2904 0044004440,
735 2827 960 2888 Grammaticus
1019 2829 1079 2903 8444
1095 2834 1169 2892 orto
1185 2827 1306 2890 rodum.
1325 2829 1502 2910 Iampridem
1523 2828 1570 2890 hic
1587 2829 1660 2886 inter
1677 2829 1717 2884 to

238 2934 270 2988 et
285 2929 385 3000 Pobta,
402 2924 440 2985 de
458 2940 519 3002 quo
535 2939 628 3002 supra
649 2929 722 2982 tom.
744 2922 763 2981 3
785 2937 853 3000 pag.
875 2921 924 2981 49.
1023 2931 1088 2985 0400
1112 2925 1254 2988 Veritatis
1271 2930 1448 2986 numeratus
1464 2917 1714 2984 0040440000440

277 3018 448 3080 4044444Εὸ
465 3014 660 3091 6004044404,
680 3013 814 3075 Medicus
829 3019 863 3073 ei
879 3012 961 3090 Phy·
1021 3032 1092 3095 quc.
1115 3015 1190 3079 Vide
1208 3018 1370 3080 Burmanni
1391 3017 1428 3078 ab
1447 3014 1538 3080 liurdt
1552 3009 1718 3090 autographa

238 3115 330 3174 sicus.
352 3110 421 3172 ibid.
443 3127 511 3191 pag.
539 3112 588 3170 49.
742 3101 751 3122 “
1023 3109 1147 3170 Lutberi
1168 3115 1201 3170 et
1220 3109 1348 3171 aliorum
1371 3117 1442 3178 tom.
1466 3110 1493 3170 4.
1513 3123 1576 3187 pag.
1598 3107 1640 3168 to.
1659 3119 1717 3179 seq·

277 3205 450 3268 JOANNES
472 3202 580 3279 Gorro,
600 3203 667 3262 sire
685 3199 847 3262 Gorzonis.
863 3200 962 3278 80040
1021 3203 1073 3264 ubi
1094 3201 1132 3264 dc
1153 3202 1382 3282 Kaysarsbergii
1405 3200 1604 3264 Formiourio:
1619 3204 1648 3258 04
1661 3204 1682 3256 4.
1700 3195 1717 3255 2

239 3307 311 3360 tom.
333 3301 350 3361 3
372 3315 440 3378 pag.
460 3298 508 3358 20.
996 3313 1044 3376 ¹p.
1067 3295 1105 3356 66
1119 3296 1171 3358 ubi
1193 3294 1232 3358 dc
1252 3294 1320 3373 ejus
1337 3296 1465 3358 homiliis
1482 3295 1537 3358 40.
1553 3292 1624 3356 4494
1643 3288 1717 3350 babi-

277 3390 449 3454 JOANNES
460 3389 628 3478 Graecinus
639 3404 729 3466 snpra
743 3393 815 3448 tom.
831 3387 849 3446 3
863 3405 893 3466 0.
911 3388 959 3450 24.
1017 3391 1057 3450 tis
1074 3388 1186 3468 quibus
1200 3403 1276 3451 ausa
1282 3386 1570 3469 noocmstultifercm
1583 3381 1717 3446 sirelior·

278 3485 449 3546 JOANNES
465 3481 674 3556 Gastirdemrs,
693 3479 883 3555 0040444000,
902 3478 962 3540 Go-
1014 3481 1162 3562 rupom'oa
1173 3475 1374 3543 'Germanicis
1406 3482 1542 3543 versibus
1561 3473 1713 3558 exponendi

238 3577 394 3653 dasdamus,
410 3575 526 3654 Anglus
549 3573 692 3648 bledicus,
717 3576 796 3634 circa
816 3571 851 3634 Α.
872 3572 961 3634 4320.
1015 3577 1085 3638 duta
1101 3577 1157 3638 luit
1167 3575 1351 3638 Sebastiano
1367 3574 1487 3650 Brundi,
1502 3575 1528 3648 a)
1542 3589 1595 3634 000
1608 3567 1713 3638 Titioni,

237 3671 386 3732 matthaeo
401 3669 546 3729 silvatico
561 3669 696 3728 loannes
713 3663 857 3744 40044000
871 3664 960 3745 cujus
1013 3671 1089 3732 lCto
1112 3669 1381 3749 argentoratensi:
1396 3674 1429 3730 et
1445 3667 1555 3730 Latinis
1573 3662 1659 3740 elegis
1672 3659 1715 3718 ia·

237 3766 296 3824 iam
318 3779 409 3841 supra
431 3762 486 3822 ieci
508 3762 695 3822 mentionem
719 3777 785 3838 pag.
813 3759 880 3821 338.
902 3759 958 3820 Ubi
1011 3763 1085 3824 cobo
1118 3761 1234 3824 Locher
1262 3762 1291 3838 b)
1319 3767 1516 3842 cognomento
1546 3757 1715 3823 Philomuso,

236 3860 347 3920 Rosam
367 3858 433 3918 cius
455 3851 661 3934 4004400000,
683 3854 746 3914 dixi
767 3853 880 3914 editam
902 3853 959 3912 Vc·
1011 3847 1122 3931 svevo',
1134 3869 1212 3934 quac
1223 3857 1381 3932 recognita
1395 3854 1433 3917 ab
1443 3851 1547 3914 eodem
1563 3844 1682 3911 bruolio
1692 3841 1715 3915 ⁰)

236 3957 297 4013 net.
320 3951 399 4013 4402
421 3949 498 4011 4548
520 3948 570 4008 404.
591 3948 669 4008 44000
690 3949 721 4006 40
743 3949 880 4026 quinque
902 3947 958 4007 tri-
982 3950 992 3970 ·’
1012 3951 1082 4029 0400
1103 3951 1241 4029 simplice
1264 3950 1332 4010 vice
1353 3957 1460 4009 recusa
1481 3952 1537 4022 cst,
1557 3949 1590 4018 ut
1606 3940 1724 4002 dorm·

235 4046 309 4110 buta
319 4046 420 4120 libros,
433 4043 532 4105 tribus
547 4042 731 4121 primoribus
747 4041 866 4102 morbos
877 4059 958 4103 com·

235 4158 358 4215 munos,
379 4138 498 4199 duobus
520 4136 739 4218 posterioribus
760 4136 958 4216 particulares
1056 4126 1084 4190 ⁸)
1101 4127 1163 4176 4144
1181 4124 1397 4178 retinemento
1415 4123 1485 4176 Η·
1502 4131 1557 4183 ⁶⁸⁹·
1576 4115 1629 4166 ⁹²⁴·
1649 4119 1671 4162 “
1691 4111 1717 4160 ὼ

234 4235 436 4314 postquam.
449 4231 800 4310 5444444444
813 4227 958 4308 opimae
1009 4185 1718 4337 titiititt?s:titiritti‘itiztd

233 4333 407 4401 0404044404,
422 4323 458 4388 de
472 4320 657 4406 simplicibus
669 4321 845 4384 medicinis:
863 4321 899 4382 de
915 4320 958 4382 di·
1009 4355 1094 4412 mum,
1110 4349 1206 4400 ,dnum
1218 4353 1377 4414 mmm,
1393 4347 1463 4398 taos.
1476 4349 1519 4408 qut
1530 4345 1615 4404 m„
1625 4359 1632 4387 2
1643 4338 1717 4387 m

232 4420 405 4499 0404044400
423 4427 452 4482 44
470 4415 695 4493 oeconomicus,
707 4415 743 4476 de
756 4416 959 4477 instmrmcrdis
1008 4429 1059 4487 04,
1076 4425 1192 4476 etatum
1208 4425 1332 4474 04404444
1349 4429 1463 4472 amoro
1479 4420 1567 4481 440404
1582 4416 1636 4464 tore
1647 4413 1690 4461 444.

235 4529 309 4574 succ
319 4512 616 4593 draconumque
631 4514 696 4571 sire
708 4509 745 4570 de
759 4509 964 4570 medicamen.
1053 4501 1078 4563 ⁸)
1088 4501 1183 4552 4444044
1196 4497 1312 4550 4004444
1325 4497 1411 4550 40404
1423 4503 1484 4548 tom.
1496 4494 1520 4544 2·
1531 4487 1717 4552 4449404444

236 4606 489 4666 tissuccedaneis.
505 4607 548 4666 De
561 4603 768 4685 phlebotomia.
788 4601 959 4664 Prociioom
1010 4571 1213 4700 ἒξξῖΙὸΡῖξκὲξ
1224 4571 1424 4712 (41414134ξὲἴὲὃᾶ
1413 4570 1504 4695 44444,
1526 4564 1591 4630 ’44ά
1613 4563 1714 4612 W·

233 4693 397 4756 mm
413 4705 444 4756 θι
456 4715 515 4776 ΡΝ
532 4697 679 4763 dietam&
698 4696 772 4758 Vide
794 4696 958 4759 Lsslffldllffl
1060 4723 1085 4787 c)
1103 4727 1254 4786 argentorat
1273 4723 1343 4772 4497.
1361 4721 1387 4771 l.
1405 4725 1530 4783 40004400
1544 4711 1636 4764 4404401.
1652 4705 1719 4758 4437·

235 4806 261 4848 c.
283 4787 341 4848 379
358 4791 481 4852 Balcum
493 4793 554 4852 v.7
572 4800 603 4852 ot
618 4793 750 4866 Pitseum
763 4811 791 4871 p.
810 4792 878 4855 443.
894 4805 960 4867 seq.
1008 4807 1032 4856 4.
1050 4801 1125 4854 uerti.
1142 4797 1213 4852 4440.
1234 4801 1313 4852 ruti.
1335 4795 1406 4848 tora.
1422 4795 1447 4850 a,
1463 4791 1529 4857 4000
1542 4793 1613 4842 mor.
1628 4795 1696 4848 4444.
