3624 5600
706 50 984 120 44444444
1535 57 1594 144 444

148 169 329 252 trithemius
358 185 423 246 cap.
457 167 525 230 476.
551 166 632 230 huuc
667 167 820 228 lulianum
876 165 1074 226 llamiresinm
1096 166 1147 243 qui
1169 165 1290 226 Parisiis
1311 163 1367 227 Au.
1390 168 1477 232 4644.
1511 169 1598 230 Prae·

110 284 176 330 cum
191 263 324 326 Pomerio
337 261 535 348 contundens,
550 264 576 322 44
595 260 698 329 tribuit.
712 255 823 326 libram
879 260 980 326 sulam
1001 259 1152 338 Epistulas
1173 267 1204 320 et
1225 264 1343 320 caetera
1366 261 1454 322 4648.
1472 262 1498 321 4.
1516 261 1599 342 typis

111 361 145 423 de
163 362 266 420 sancto
290 353 482 434 Virginitotc:
504 357 583 415 inter
600 353 725 414 Pomeril
742 354 821 417 enlm
879 351 986 414 excudi
1001 355 1133 426 curavit,
1152 353 1331 414 sirmondus
1348 354 1545 417 honorificum
1563 357 1600 418 ab

112 456 219 531 scripta
241 449 302 512 dixi
323 449 433 511 librum
453 448 489 510 de
516 445 684 527 Virginibus
710 445 825 508 inolita·
879 463 914 508 eo
932 448 1158 509 testimouinnm
1175 449 1256 526 operi
1275 447 1500 528 praeligendum
1517 465 1602 528 roga·-
1727 529 1729 532 .
1791 459 1792 464 ’

111 546 190 609 endis
210 544 248 623 ab
264 544 376 604 isidoro
399 543 566 614 memorari.
771 563 774 570 ¹
880 548 951 616 tus,
971 540 1049 601 bello
1070 542 1159 602 elusit
1184 557 1351 620 responso,
1374 545 1496 620 negavit
1519 545 1600 603 44444

148 641 166 677 4
182 639 305 700 Fallitur
333 639 451 716 egregie
480 639 512 697 4.
534 635 672 698 Nicolaus
689 633 823 710 Bugnaui
879 636 959 700 allud
981 635 1052 697 dare
1074 651 1107 696 se
1129 651 1232 714 posse,
1249 653 1340 715 qnam
1357 651 1425 696 esse
1446 645 1600 698 auctorem

111 729 337 812 Compendieus.
354 729 426 795 Ord.
445 729 548 793 Praed.
563 731 614 807 qui
637 745 671 790 44
693 729 822 807 primum
878 729 916 792 de
937 730 1079 792 thesauro
1099 746 1155 791 suo
1176 731 1378 808 proterentem
1400 747 1478 792 nova
1500 737 1530 792 et
1551 749 1604 790 ve·
1655 784 1657 792 ,

111 823 291 890 4684648448
302 823 411 884 librum
429 823 692 901 Prognoslleotum
710 819 822 882 4444444444
879 831 952 886 tera,
974 823 1051 886 Vide
1081 824 1117 884 D,
1146 822 1268 884 Antonii
1290 823 1405 886 Reiseri
1436 823 1603 903 Lapnojum

110 919 237 982 4444444
254 917 327 980 Cod.
343 916 504 995 descripsit
531 913 744 992 edendumque
771 929 825 974 cu·
878 911 1081 978 confessorem
1112 933 1177 996 pag.
1200 915 1268 978 786.
1290 923 1322 977 44
1343 919 1404 978 Ν44.
1437 917 1602 980 nunctum

110 1014 185 1076 ravit
205 1013 326 1074 Parisiis
346 1027 395 1071 an.
418 1010 516 1083 4444,
535 1025 582 1086 ap.
605 1011 771 1070 Paucorum
795 1005 823 1066 le
880 1011 993 1074 44444
1010 1011 1059 1071 lib.
1081 1011 1109 1072 7.
1131 1009 1345 1088 8444444444τί4
1364 1013 1513 1090 Hispanae
1529 1029 1555 1072 c.
1575 1014 1607 1072 8.

110 1110 203 1168 44444
225 1106 255 1164 44
281 1105 328 1174 46,
343 1105 401 1165 Diu
424 1103 558 1182 proiecto
585 1110 657 1170 ante
686 1102 769 1164 444444
788 1101 823 1162 Α.
879 1105 957 1166 449.
980 1105 1164 1183 quipassim
1186 1105 1255 1166 alibi
1277 1106 1306 1164 in
1330 1105 1379 1166 illo
1400 1122 1490 1182 opere
1509 1105 1603 1166 tulia-

111 1200 222 1261 scilicet
241 1197 319 1260 4536
336 1195 609 1275 operatoilochle
629 1195 826 1273 lncemaspe
883 1200 913 1258 ni
942 1197 1033 1276 hujus
1054 1205 1225 1258 commenta
1247 1198 1395 1276 explodit,
1418 1205 1451 1258 44
1470 1215 1535 1277 pag.
1557 1200 1606 1259 48.

112 1299 194 1354 44444
205 1293 236 1352 44
249 1290 402 1357 46444444
418 1295 582 1367 utrumque
593 1288 738 1366 codicem,
748 1303 825 1350 usus
880 1309 950 1370 seq.
966 1292 1056 1352 refert
1078 1292 1200 1370 longum
1222 1292 1392 1370 catalogum
1421 1295 1601 1371 scriptorum

112 1388 240 1450 editione
266 1401 344 1463 quae
361 1390 409 1444 est
427 1386 455 1444 in
475 1382 658 1445 Bibliotheca
675 1384 730 1442 PP.
747 1383 827 1444 Pari·
881 1402 958 1464 qnae
989 1385 1027 1446 ab
1059 1383 1253 1446 4444444444
1274 1387 1441 1464 cormposica
1462 1386 1517 1446 eod
1539 1389 1603 1446 visa

113 1485 201 1546 siensi
232 1499 280 1544 an.
310 1479 398 1542 4654.
414 1495 506 1555 quoru
535 1494 573 1538 ex
598 1476 726 1538 Cachleo
742 1492 826 1537 acce·
881 1481 1013 1552 nemini,
1031 1477 1290 1557 eademfingendi
1311 1478 1434 1540 audacia
1466 1479 1604 1541 homiues
1725 1519 1729 1528 ·

112 1584 194 1656 ptam
213 1591 275 1637 nou
293 1573 406 1635 dubito.
426 1572 584 1632 Lectiones
606 1571 750 1648 utrinque
776 1586 829 1630 va·
881 1573 1057 1646 mateteriati
1080 1571 1252 1634 laudavere.

113 1673 223 1730 riantes
242 1675 315 1728 sunt
331 1666 464 1750 creticae.
476 1663 632 1740 Interdum
650 1663 768 1726 cochlei
785 1663 828 1724 le-
920 1665 1102 1728 46444888
1123 1667 1291 1744 Episcopus
1314 1664 1479 1728 Toletannc.
1508 1669 1605 1746 Supra

112 1766 168 1824 ctio
185 1760 384 1842 preferenda:
403 1759 455 1820 sed
485 1766 516 1820 et
545 1775 603 1824 nun
631 1773 698 1818 raro
715 1757 827 1836 linguei
884 1757 1062 1820 4414444444
1082 1758 1224 1822 Pomaria.
1292 1793 1295 1802 »
1580 1801 1581 1806 .

113 1858 198 1919 444444
217 1845 325 1916 melior
349 1861 397 1914 est
424 1853 526 1912 altura.
545 1853 589 1912 lta
607 1869 655 1912 444.
669 1868 714 1928 gr.
730 1851 779 1911 lib.
799 1853 827 1912 4.
920 1852 1102 1914 luctantis
1135 1851 1334 1926 4444444444,
1355 1853 1519 1926 Varocchi,
1542 1854 1605 1914 444

112 1943 577 2029 capategtccccbteusreodem
593 1941 828 2023 modapuodn·
882 1949 1041 2020 continue,
1063 1946 1134 2008 Ord.
1166 1948 1268 2008 444444.
1290 1935 1478 2024 theologus,
1510 1947 1605 2008 Philo·

113 2041 191 2122 peioc
206 2039 384 2102 condiderat
399 2041 478 2100 neas
492 2085 499 2114 ,
513 2037 558 2100 ila
572 2044 600 2100 44
615 2037 745 2099 homines
761 2054 827 2098 con·
882 2041 1005 2118 sophus,
1022 2047 1053 2099 et
1074 2039 1262 2118 Astrologus,
1284 2039 1446 2101 defunctus
1461 2041 1495 2101 Α.
1514 2041 1603 2102 itta.

115 2135 231 2199 didace.
255 2136 335 2198 444444
361 2132 527 2195 credendae
552 2138 616 2206 ect;
636 2137 672 2196 444
689 2134 778 2192 ctiam
799 2130 832 2191 ci
882 2134 919 2194 dc
939 2151 999 2212 quo
1020 2133 1205 2219 Waddiugus
1227 2150 1295 2214 pag.
1312 2134 1380 2194 434.
1398 2141 1430 2194 44
1443 2135 1542 2195 444444
1556 2135 1604 2194 Ni·

111 2234 268 2311 peccasset
284 2228 364 2290 mori
378 2227 495 2295 omnino
511 2244 569 2287 non
582 2224 771 2308 pocaet3aed
786 2225 829 2286 ila
881 2245 934 2308 ger
959 2244 1024 2306 pag.
1058 2227 1125 2288 368.
1148 2227 1194 2288 Ex
1215 2229 1336 2304 scriptis
1357 2228 1426 2307 ojus
1447 2225 1522 2287 nihil
1543 2243 1607 2288 me·

114 2323 304 2386 conditaccsl
316 2321 566 2384 innaturalem
579 2320 826 2380 hancleotionem
883 2323 993 2382 morari
1017 2319 1105 2380 video
1127 2321 1183 2380 nisi
1207 2319 1460 2383 Commentariun
1479 2321 1512 2380 in
1536 2319 1608 2380 Dio·
1653 2314 1656 2320 ’

113 2421 154 2479 ita
170 2424 260 2480 sanat
275 2416 366 2478 editio
382 2417 515 2494 Buguaei
534 2459 541 2474 .
560 2457 567 2474 .
586 2457 594 2470 .
612 2457 619 2472 .
638 2455 647 2474 .
664 2411 830 2486 credendas
884 2413 1021 2475 lecticam
1043 2412 1223 2476 Aristotelis.
1281 2463 1286 2476 ,
1437 2464 1438 2472 ,

115 2518 166 2574 444
183 2512 322 2590 44444444
348 2509 402 2570 hoc
426 2507 511 2570 modo
528 2508 626 2568 creati
639 2505 832 2584 cnntdnpeli
923 2509 954 2569 S.
973 2507 1104 2572 tuctus
1120 2510 1141 2568 4.
1160 2509 1329 2581 hamanus,
1351 2525 1424 2588 papa
1447 2515 1515 2588 post
1535 2499 1617 2570 444τὲ

115 2613 149 2668 444
163 2603 488 2685 eticmcipeccaesent,
506 2601 586 2662 mori
601 2608 659 2662 etc.
885 2619 954 2664 cnm
977 2603 1013 2662 ab
1034 2602 1069 2662 Α.
1091 2603 1158 2664 336.
1181 2601 1228 2662 at.
1251 2601 1371 2662 Octobr.
1392 2619 1490 2680 usque
1512 2601 1549 2663 ad
1571 2602 1608 2662 li.

153 2699 336 2762 JUleNUS
353 2694 441 2757 Petri
450 2741 457 2772 ,
474 2696 550 2756 inira
562 2692 704 2754 14444444
723 2689 833 2765 Toleta-
890 2696 958 2758 aba.
975 2694 1073 2774 -Aprlh
1095 2697 1143 2757 ta.
1162 2696 1275 2774 dequo
1292 2695 1430 2757 adeunda
1447 2695 1521 2756 heta
1537 2696 1612 2757 San·

114 2809 171 2856 4444
190 2788 447 2872 archipresbyter.
889 2797 962 2850 otor.
994 2797 1067 2850 tom.
1088 2790 1107 2852 4
1129 2790 1223 2868 April.
1257 2790 1305 2850 te.
1334 2806 1398 2868 pag.
1421 2789 1469 2848 88.
1493 2805 1555 2867 seq.
1578 2796 1609 2848 44

20 2875 21 2880 ’
156 2887 339 2950 tunicatis
368 2883 404 2946 dc
429 2887 562 2960 4444444,
583 2883 679 2956 44444,
705 2877 838 2944 44444448
889 2882 1098 2944 tillemontius
1118 2889 1193 2944 tom.
1213 2881 1232 2941 7
1255 2899 1378 2944 memor.
1401 2901 1428 2961 p.
1451 2883 1522 2943 269.
1545 2897 1610 2960 seq.

115 2984 151 3044 44.
173 2983 263 3060 Papa.
892 2975 955 3035 Sub
986 2973 1053 3052 eius
1086 2977 1206 3035 nomine
1239 2973 1389 3056 Epistulae
1424 2973 1502 3035 dnae
1532 2975 1612 3053 cpnd

153 3074 339 3137 lUleNUS
368 3071 404 3134 de
430 3070 543 3147 84444,
576 3070 836 3148 hugunnanus,
889 3068 1165 3148 pseudoisidornm
1189 3067 1230 3128 cd
1252 3067 1418 3130 orientales
1437 3067 1612 3147 Epc'ccopoc,

113 3169 212 3231 medio
244 3168 346 3230 seculo
376 3168 439 3229 XV.
460 3165 551 3243 cuins
571 3163 778 3226 commentarii
800 3159 836 3222 dc
889 3165 993 3224 Latine
1014 3163 1196 3224 exhibentur
1217 3169 1248 3222 et
1269 3159 1474 3240 exploduntur
1491 3179 1508 3222 a
1525 3162 1615 3222 8444-

114 3260 211 3322 mcdio
232 3258 513 3330 demonstrationis,
534 3256 571 3318 de
584 3253 836 3335 sophismatibus,
889 3257 968 3318 dello
988 3273 1055 3336 pag.
1079 3257 1145 3316 446.
1168 3264 1201 3316 44
1222 3257 1289 3318 447.
1313 3273 1371 3318 444
1392 3273 1462 3318 cnm
1478 3257 1615 3317 Orienta-

114 3352 299 3414 dcterminic
316 3349 727 3412 naturalibuolendauturin
746 3347 837 3409 Chro-
889 3351 962 3414 lium
985 3350 1021 3412 ad
1043 3351 1156 3412 lulium
1191 3351 1324 3430 Epistola
1346 3367 1413 3429 pag.
1437 3350 1505 3410 454.
1525 3347 1615 3426 Majo-

116 3449 184 3510 nico
205 3447 358 3508 Comitum
389 3444 704 3522 Oldenburgcnsium,
725 3443 837 3506 44448
890 3461 953 3504 rem
977 3444 1068 3506 tidem
1091 3452 1247 3506 merentur
1269 3442 1420 3524 Epistulae
1440 3441 1519 3504 dnae
1538 3459 1615 3522 quae

114 3539 265 3604 lleibomil
281 3557 347 3619 pag.
371 3537 438 3600 467.
459 3571 460 3576 1
839 3553 841 3556 ·
889 3537 1003 3600 Graece
1022 3540 1159 3600 servavit
1180 3540 1210 3600 8.
1232 3539 1418 3600 Athanasius
1436 3539 1464 3597 in
1482 3537 1614 3616 apologia

154 3633 339 3700 intrantis
361 3629 518 3702 Toletannc
549 3631 721 3693 Diaconus:
746 3646 837 3709 sapra
891 3639 996 3694 contra
1018 3632 1163 3706 Arianos,
1196 3649 1255 3694 nna
1278 3650 1307 3692 u.
1329 3630 1442 3705 atad
1465 3629 1615 3703 Daciam,

115 3730 145 3790 in
168 3725 289 3788 loliano
308 3726 400 3788 444444.
476 3757 480 3768 =
892 3724 1070 3787 Flaccillam
1102 3733 1159 3788 etc.
1194 3727 1354 3808 Episcopus
1383 3726 1438 3806 pai
1460 3723 1617 3786 Antiochia

154 3821 338 3884 teatinus
369 3821 456 3881 Petri.
489 3819 546 3880 du.
580 3819 668 3880 4454.
690 3826 725 3880 44
752 3823 838 3895 arunt
890 3820 1093 3898 scripserant,
1113 3827 1184 3880 tom.
1210 3824 1222 3880 4
1249 3820 1321 3880 edit.
1342 3819 1617 3880 hlontianconiaaae

116 3913 368 3994 archipresbyter
400 3914 431 3972 8.
462 3913 588 3994 iustae,
613 3908 768 3972 Toletanae
789 3928 838 3972 ur·
891 3929 956 3990 pag.
972 3913 1115 3973 444-484.
1134 3921 1165 3973 44
1184 3914 1211 3978 44
1231 3914 1307 3972 Petri
1326 3913 1476 3974 Constant
1496 3911 1617 3986 Episto-

117 4011 184 4088 bis,
204 4006 294 4085 cujus
314 4006 436 4067 nomine
457 4006 616 4064 inventum
650 4005 781 4081 primam
807 4006 836 4062 in
891 4005 927 4064 lis
950 4003 1126 4065 Pontificum
1145 4023 1173 4083 p.
1192 4004 1335 4065 ata-387.
1353 4004 1491 4064 alteram.
1511 4002 1559 4062 54.
1577 3999 1619 4060 od

119 4103 191 4164 84444.
213 4100 383 4162 0444444444
400 4097 438 4158 ab
455 4099 636 4174 Hieronymo
652 4091 784 4159 Romano
801 4095 838 4157 de
892 4097 1038 4158 Diaconos
1068 4101 1101 4156 et.
1126 4095 1273 4176 Populum
1294 4093 1517 4156 444-4444444444
1538 4092 1618 4154 4444-

117 4196 143 4257 44
166 4197 323 4274 iligneam,
345 4190 462 4252 lesuita
484 4189 627 4251 Toletano
648 4191 838 4269 suppositum
892 4190 1015 4266 4444444,
1041 4196 1113 4250 torn.
1135 4193 1147 4249 l
1170 4188 1317 4251 Athenas.
1336 4205 1401 4267 pag.
1422 4185 1563 4251 474-474.
1584 4192 1616 4245 44

20 4323 22 4326 -
116 4290 153 4352 ab
174 4287 320 4367 Hispanis
341 4283 508 4348 chronicon
529 4299 626 4359 nsque
644 4282 681 4344 ad
697 4284 730 4344 A.
752 4283 837 4344 4466.
890 4287 1037 4348 Constant
1048 4300 1115 4363 pag.
1128 4283 1269 4346 aee-tat.
1286 4283 1399 4346 Eadem
1416 4281 1495 4362 apnd
1513 4281 1617 4342 Socra-

117 4400 176 4445 nna
196 4397 267 4444 cnm
288 4378 498 4448 adversariis,
515 4368 717 4456 descriptione
732 4378 839 4438 eremi·
891 4388 951 4440 tem
971 4381 1007 4440 44.
1028 4371 1076 4440 43.
1094 4395 1162 4457 pag.
1180 4378 1247 4438 l08.
1271 4377 1473 4455 Nicephorum
1496 4375 1548 4436 tx.
1565 4374 1614 4434 844.

117 4477 260 4536 toriornm
294 4475 511 4552 hispanorum,
544 4477 580 4530 44
596 4472 766 4531 carminum
788 4487 840 4529 va·
890 4473 1333 4550 etLatiueinTripartitalV.
1356 4468 1616 4532 annuntientur

117 4571 228 4630 riorum
249 4564 424 4627 collectione
446 4572 477 4624 et
498 4565 674 4625 Praesulum
695 4559 838 4644 Epistolis
891 4564 1144 4628 etiamalaudato
1157 4565 1334 4626 (4444444444
1346 4563 1499 4644 Epistulae
1510 4561 1548 4623 ad
1563 4563 1616 4622 lu-

118 4664 233 4736 lertur,
264 4657 403 4738 ejusdem
434 4677 502 4721 cum
536 4657 651 4719 Pseudo
666 4659 777 4719 Dextro
808 4665 838 4718 et
892 4661 966 4720 lium
989 4660 1118 4736 scriptae
1140 4656 1280 4718 Marcelli
1293 4657 1449 4740 Ancyrani
1463 4673 1528 4736 pag.
1547 4655 1614 4718 388.

118 4751 425 4834 pseudotuitprando
442 4751 738 4816 iurinris.Editorom
752 4755 839 4816 Laur.
895 4771 932 4813 444
952 4754 983 4814 8.
1004 4750 1160 4831 Epiphanii
1184 4753 1300 4846 4444444.
1318 4755 1346 4814 8.
1365 4761 1396 4816 44
1416 4749 1528 4832 synodi
1542 4752 1616 4812 Sar-
