3608 5604
686 119 975 184 tuvnltctts
1124 121 1126 124 ’
1506 124 1563 184 tat

85 229 178 288 Test.
195 239 263 304 pag.
279 223 346 288 398.
369 225 506 288 Vicissim
529 243 637 292 versus
657 229 802 306 quosdam
859 215 901 312 τῷ
916 226 1082 312 4444444444,
1104 235 1135 320 pt
1155 231 1205 306 qui
1228 236 1295 307 past
1315 245 1384 290 eum
1407 228 1461 290 dn.
1481 229 1568 290 4708.

82 319 222 384 iuvenci
242 318 384 380 alteratos
403 335 472 380 esse
489 319 527 381 ab
542 320 726 396 editoribus,
742 339 802 400 quo
858 323 1026 386 extinctam
1043 337 1146 384 curam
1165 323 1207 382 rei
1227 323 1320 401 gessit
1337 323 1371 383 V.
1387 323 1420 384 C.
1436 323 1571 396 Erhardo

85 413 410 498 magisnonsentirent
427 429 495 476 cum
514 415 658 493 Vulgata,
675 433 712 478 ex
730 415 803 478 duo·
859 414 1028 489 4444444444,
1049 417 1099 493 qui
1122 417 1225 480 Frano.
1245 416 1334 478 4740.
1355 419 1382 477 8.
1401 421 1569 484 Juveotum

83 507 152 570 bus
167 506 247 568 MSS.
264 505 423 584 codicibus
443 506 531 570 docet
551 508 633 570 ltteh.
651 509 752 572 Simon
772 511 801 576 iu
857 509 995 589 vulgavit
1010 526 1028 570 a
1046 508 1164 574 laudato
1186 511 1317 574 Omeisio
1334 512 1515 574 recensitum
1533 510 1571 573 ad

84 601 182 677 navis
201 600 460 662 observationibus
480 601 517 662 ad
540 607 657 664 textum
678 610 710 664 et
734 621 802 666 ver·
856 611 978 664 veteres
994 601 1119 664 Codices
1135 609 1226 682 atquo
1243 603 1410 680 sditioues;
1427 621 1496 666 cum
1518 621 1570 666 no·

84 697 194 756 aiones
213 694 287 754 Novi
307 693 389 756 'ieet
411 711 476 773 cap.
502 695 585 758 xxi.
613 698 746 760 Notavit.
768 705 802 760 et
860 698 902 758 tis
929 697 1053 774 integris
1077 693 1111 758 G.
1134 695 1266 758 4444444444
1291 695 1447 775 Koanr'pii,
1471 697 1572 776 444944

82 789 176 850 ioan.
196 790 399 850 llarcienaeus
419 790 636 870 prolegomenis
658 791 695 854 ad
718 799 803 854 vete-
857 787 991 852 Donielis
1009 786 1132 850 Omeisii
1143 795 1174 850 et
1192 787 1357 850 Christiani
1370 787 1570 873 Schootpanii,

81 899 155 944 rem
183 881 286 942 italam
309 882 478 943 versionem
499 883 661 961 Matthaei,
688 884 800 948 editam
856 882 1037 960 selectisque
1050 879 1154 942 444444
1164 879 1269 956 Rodii,
1286 881 1408 962 Georgii
1416 880 1567 961 Fabricii,

82 978 183 1038 Paris.
196 975 283 1036 4695.
294 975 343 1036 th.
357 975 406 1036 ubi
421 975 594 1038 observavit
608 995 644 1038 44
660 979 717 1040 ilii
728 980 801 1041 Car·
858 975 949 1056 Cosp.
966 973 1089 1048 Barthii
1103 993 1141 1036 ex
1162 975 1372 1051 Adversaris,
1387 983 1420 1037 et
1435 977 1570 1041 aliorum.

81 1067 204 1148 bajensi
219 1068 388 1130 iuvencum
409 1085 499 1132 usum
517 1071 629 1133 Codice
641 1073 800 1152 Evangeli-
853 1071 996 1134 Veterum
1010 1071 1190 1134 testimoniis
1201 1085 1278 1148 quae
1289 1069 1366 1132 bene
1377 1070 1476 1134 multa
1486 1087 1571 1150 prae—

82 1170 156 1224 stas
183 1162 280 1232 diviso
301 1163 330 1222 in
358 1165 507 1224 sectiones
527 1165 660 1228 xxviii.
688 1168 799 1229 Lucem
856 1165 949 1226 missa
964 1161 1139 1237 sunt,addi
1155 1161 1297 1242 poterunt
1313 1163 1385 1242 Lupi
1401 1163 1572 1224 4444444444-

81 1258 220 1336 primum
243 1255 319 1316 vidit
339 1259 493 1320 iuvencus
519 1259 609 1321 Paris.
638 1261 726 1322 4499.
751 1261 800 1323 444.
855 1259 898 1320 sis
914 1259 1009 1335 Epist
1027 1259 1056 1318 8.
1073 1256 1191 1318 44444444
1210 1255 1283 1316 libro
1299 1257 1329 1319 2.
1345 1255 1493 1318 adversus
1508 1257 1568 1318 Eli-

78 1349 197 1410 edente
207 1347 320 1410 144454
327 1347 446 1426 Fnhro,
460 1351 630 1429 8444444444
644 1399 651 1430 ,
663 1355 714 1432 qui
731 1355 799 1432 eius
855 1357 980 1430 panturn
997 1367 1063 1430 pag.
1082 1348 1150 1412 95h.
1169 1348 1266 1414 Bedae
1283 1354 1435 1410 retractat.
1451 1350 1480 1407 in
1495 1348 1570 1412 Acta

79 1445 126 1504 rei
145 1445 287 1504 meminit
308 1446 398 1522 prael.
414 1443 452 1505 44
467 1445 659 1508 aldhelmum
677 1446 716 1508 de
733 1446 800 1508 Vir·
854 1461 920 1523 cap.
945 1445 973 1504 9.
995 1451 1026 1511 44
1046 1445 1084 1506 44
1104 1445 1177 1504 locis
1197 1443 1311 1503 sanetis
1331 1459 1397 1521 cap.
1419 1443 1435 1502 4
1462 1459 1499 1504 44
1529 1441 1573 1501 di·

77 1537 232 1616 ginitate,
248 1536 363 1598 editum
377 1539 557 1599 Deventriae
575 1541 664 1602 tots.
682 1541 710 1600 4.
726 1540 801 1602 9444-
854 1555 921 1600 eam
949 1539 987 1600 de
1008 1537 1122 1616 pseudo
1143 1538 1272 1612 Dextro,
1298 1535 1413 1615 pseudo
1442 1536 1569 1596 Habente

78 1627 229 1692 4444444444
246 1645 296 1708 epo
309 1628 445 1709 [44444444
460 1629 544 1692 allum
557 1632 614 1712 qui
626 1634 747 1695 44444444
759 1651 801 1696 rm
854 1633 981 1711 aliisque
1008 1649 1135 1710 quorum
1156 1637 1327 1694 commenta
1348 1629 1482 1708 explodit
1508 1631 1571 1692 Nic.

80 1720 219 1782 editione
238 1721 376 1784 illuriani
392 1725 639 1805 hasnonense
660 1743 711 1806 apo
731 1734 801 1789 anta
854 1725 1004 1790 Antonius
1018 1726 1068 1786 lib.
1085 1726 1114 1788 2·
1130 1724 1203 1786 Bibl.
1219 1730 1280 1784 vet.
1299 1725 1446 1804 llispaoae
1461 1739 1525 1801 cap.
1542 1723 1570 1790 4.
1618 1757 1621 1762 ·
1690 1767 1691 1770 ,

78 1813 196 1878 multos
221 1833 315 1878 annos
337 1818 458 1896 primus
486 1819 615 1880 omniurn
634 1818 799 1898 publicavi.
897 1815 1020 1880 44544444
1041 1817 1072 1878 in
1092 1816 1237 1892 Genesin,
1260 1818 1326 1878 sive
1348 1816 1456 1878 librum
1475 1816 1576 1876 Gens.
1600 1851 1603 1868 ·

76 1908 200 1970 Deinde
214 1915 335 1970 secutae
352 1909 443 1971 editio
461 1913 527 1977 sios
545 1913 608 1972 loco
626 1919 657 1974 44
673 1930 752 1975 anno
769 1917 799 1976 84
856 1928 946 1988 asos,
967 1913 1098 1974 carmine
1120 1912 1294 1972 hexametro
1315 1926 1461 1973 versuum
1485 1909 1573 1969 4344.
1630 1933 1634 1948 ‹

80 2000 380 2081 atquehldinueum
394 2003 800 2083 Sedullo‚hratoreetaliis‚
856 2007 1010 2075 succincte
1031 2021 1208 2082 4444444444
1231 2004 1347 2082 primns
1367 2001 1458 2064 Paris.
1482 2001 1572 2064 4733·

78 2099 192 2178 llenet.
215 2096 300 2157 4504.
320 2097 345 2156 4.
364 2101 429 2157 tum
451 2099 622 2177 lipsienses
644 2103 730 2164 4505.
751 2102 799 2163 444.
855 2100 904 2168 444.
937 2097 1031 2175 edidit
1058 2115 1096 2158 ex
1118 2103 1239 2157 vetusto
1260 2095 1369 2158 Codice
1397 2093 1568 2172 corbeiensi

77 2198 112 2251 et
135 2191 229 2252 4544.
258 2191 284 2250 4.
312 2197 344 2250 44
369 2191 543 2272 Rothomag.
567 2195 655 2255 4509.
680 2197 709 2256 4.
729 2211 799 2258 cum
835 2200 925 2256 'ante
951 2207 1051 2252 annas
1074 2197 1220 2269 nogentos
1240 2194 1362 2250 exarato
1389 2185 1568 2252 Edmundus

77 2284 211 2348 scholiis
227 2281 328 2344 lodoci
344 2283 454 2344 Rodii:
471 2285 641 2348 Coloniensi
661 2289 748 2350 4537.
770 2291 806 2374 8.,
853 2291 1007 2364 lilartone,
1024 2302 1120 2346 novae
1140 2282 1323 2344 collectionis
1344 2284 1487 2358 Veterum
1506 2297 1569 2340 mo

78 2395 156 2440 curn
175 2376 315 2451 8444444,
332 2395 370 2439 ex
383 2379 557 2439 recensione
573 2379 800 2444 heinhardila
855 2382 1057 2448 nimentorum
1073 2386 1144 2438 tom.
1156 2378 1201 2439 lx
1215 2393 1281 2456 pag.
1297 2378 1345 2438 45.
1360 2391 1423 2456 seq.
1435 2376 1569 2447 Ouatuor
1672 2390 1674 2394 ’

77 2469 177 2532 444544
196 2467 378 2531 Hudamorii
396 2479 429 2532 et
448 2473 581 2534 Basileae
610 2475 696 2536 4537.
718 2477 746 2536 8.
770 2478 798 2538 4.
854 2475 950 2552 prima
970 2473 1068 2552 capita
1089 2473 1209 2550 saepius
1229 2471 1327 2548 lucem
1349 2469 1488 2532 videraut
1505 2467 1569 2547 jam

78 2583 157 2627 cum
182 2563 306 2626 hratore
326 2571 358 2625 et
380 2565 544 2630 enchi-idio
572 2567 800 2642 trudentii1ac
854 2567 913 2632 sub
924 2564 1099 2628 Tertulliani
1104 2565 1165 2642 jam
1177 2565 1234 2626 sub
1243 2566 1274 2626 8.
1283 2563 1572 2644 044444444444444.

79 2677 158 2721 cum
176 2657 297 2719 Sedulio
313 2658 439 2719 Aratore
460 2668 492 2720 et
512 2655 642 2740 cuatuor
665 2664 800 2724 venantii
893 2658 1089 2723 JUVENGUS
1106 2657 1242 2740 Coelius,
1261 2655 1395 2720 Colchus
1411 2657 1567 2732 Dalmata,

82 2751 243 2814 Fortunati
261 2751 485 2830 hymnis,lbid.
500 2754 753 2834 apudOporinum
770 2757 798 2816 8.
849 2755 974 2833 scripsit
1001 2751 1094 2814 nitunt
1113 2749 1243 2827 Attilae,
1260 2753 1438 2812 Hunnorum
1459 2751 1570 2828 liegis;

78 2848 154 2912 nine
171 2847 241 2906 anni
256 2852 326 2906 nota
337 2893 346 2922 ,
356 2853 482 2908 curante
498 2846 644 2911 Theodoro
658 2845 800 2910 Pulmon-
854 2851 920 2910 sive
934 2846 1035 2926 patius
1050 2863 1087 2910 ex
1103 2847 1202 2910 Prisco
1216 2843 1329 2905 Graeco
1344 2845 1489 2905 Historiae
1505 2843 1569 2903 alii-

81 2955 142 2999 no:
158 2945 190 2998 et
204 2937 293 3000 4544.
304 2939 455 2999 84444444
467 2939 534 3002 AElii
549 2943 667 3004 Antonii
682 2943 800 3007 Nebris
855 2961 930 3023 sque
951 2944 1073 3007 Graecis
1094 2943 1298 3006 monumentis
1318 2941 1475 3002 convertit·
1492 2937 1565 2998 Vide

80 3033 187 3094 sensis
204 3035 234 3097 44
251 3031 428 3105 sedulium,
442 3035 470 3096 el
487 3035 588 3098 lodoci
603 3035 685 3100 54444
702 3038 731 3102 44
749 3041 801 3099 tu·
852 3037 1008 3104 Barthium
1029 3034 1112 3100 xlx·
1134 3037 1182 3100 49.
1202 3042 1234 3096 44
1255 3034 1325 3099 tvt-
1348 3036 1396 3098 45·
1417 3032 1568 3094 44444444-

81 3141 218 3186 veneum
235 3127 496 3203 annotationibus,
511 3136 542 3187 44
557 3127 646 3190 4555.
658 3131 687 3190 8.
706 3131 798 3193 Paria
854 3135 976 3196 riorum.
989 3133 1052 3197 Non
1065 3131 1168 3192 dubito
1184 3146 1272 3192 usum
1290 3129 1383 3190 tuisse
1394 3125 1569 3200 Barthium,

84 3218 178 3280 4545.
200 3219 247 3280 tt.
276 3219 369 3296 Lugd.
394 3221 484 3282 4553.
505 3223 593 3284 4565.
616 3225 664 3286 49.
685 3225 799 3287 Genev.
854 3242 949 3304 aquo
965 3225 1030 3286 aliis
1051 3226 1141 3284 etiam
1164 3223 1236 3285 locis
1256 3222 1421 3300 allegatur,
1439 3217 1569 3280 editione

87 3309 181 3371 4588.
201 3310 247 3372 49.
269 3326 338 3372 rum
361 3311 482 3378 8444444
502 3321 533 3374 44
553 3313 696 3389 44444444,
717 3335 801 3396 prae·
854 3319 983 3380 iuvenci
1003 3305 1230 3400 ingolstadiensi
1253 3315 1341 3377 4504.
1362 3314 1390 3378 t·
1412 3329 1489 3392 quae
1511 3311 1566 3398 iait

86 3409 174 3467 terea
194 3404 225 3462 in
249 3402 367 3481 Georgii
388 3401 528 3466 Fabricii
546 3410 641 3485 poene
658 3409 802 3472 Christia-
857 3413 947 3474 etiam
965 3412 994 3473 io
1012 3409 1193 3471 Bibliotheca
1210 3407 1399 3472 cordesiana.
1413 3405 1571 3467 Falluotur

87 3493 260 3568 nis‚Basil.
276 3497 362 3558 4564.
375 3498 401 3557 t.
415 3504 446 3558 44
463 3501 492 3558 44
508 3501 635 3580 Corpore
646 3501 801 3564 Poetarum
857 3511 939 3574 certe
959 3505 1010 3580 qui
1032 3501 1149 3563 habent
1165 3518 1218 3580 pro
1239 3501 1368 3576 inedito,
1389 3507 1424 3562 ut
1442 3500 1488 3560 vir
1504 3498 1575 3582 Cla-¹

86 3593 230 3652 veterum
245 3591 439 3666 Latinorum,
452 3591 545 3671 tuga.
560 3593 649 3662 4003.
662 3595 802 3656 Aureliae
857 3599 996 3674 risaimus
1013 3595 1155 3663 Matthias
1176 3593 1277 3662 Belius
1297 3595 1323 3670 a)
1345 3595 1506 3672 scriptores
1522 3608 1570 3652 re-

86 3682 281 3760 Allobrogum
293 3685 359 3744 4444
369 3685 693 3752 Genevaatottuota
712 3690 800 3751 4540.
855 3709 923 3756 rum
945 3688 1188 3770 ilungaricarum‘
1202 3689 1568 3780 pollicitus,prtmnnque

86 3776 116 3838 4.
140 3778 231 3836 etiam
254 3777 282 3838 iu
304 3777 452 3856 Operibus
479 3789 617 3844 veterum
642 3786 801 3849 Poetarum
854 3787 974 3848 illorum
991 3785 1136 3847 volumen
1156 3783 1276 3845 ineditis
1294 3781 1491 3861 impleturus,
1510 3785 1571 3840 tra·
1663 3853 1665 3856 ¹
1765 3829 1766 3832 ,

10 3887 16 3906 ·
88 3865 264 3930 Latinorum
284 3873 441 3932 recensitis
459 3889 475 3934 a
490 3869 634 3944 hiichotic
650 3877 802 3940 hlaitlaira
855 3871 1307 3940 diturineadaturusluvenci
1330 3873 1570 3950 Attilam,quem

87 3969 120 4024 et
133 3961 262 4041 junctim
280 3961 370 4023 444444
387 3964 479 4026 Lond.
498 3966 549 4028 474
557 3968 584 4027 3.
604 3969 653 4048 iol.
669 3970 753 4030 Tum.
771 3971 800 4034 2.
855 3974 1069 4054 exspectamus
1085 3971 1174 4030 etiarn
1193 3968 1231 4028 ab
1247 3967 1450 4029 illustrissimo
1469 3966 1572 4026 Lince

85 4073 154 4138 pag.
174 4056 260 4123 4540.
275 4063 311 4118 ut
325 4056 518 4120 Galarsossm
535 4058 697 4128 silibonem
713 4063 801 4124 4573.
855 4063 943 4141 pensi
958 4063 1105 4140 Episcopo
1122 4059 1214 4122 Erico
1230 4055 1367 4118 4444444444
1384 4057 1412 4134 bi
1429 4060 1458 4118 44
1472 4062 1571 4130 torno,

17 4205 21 4212 .
86 4149 117 4212 8.
134 4156 167 4212 44
184 4151 330 4213 Venetam
348 4149 397 4214 44.
414 4159 609 4232 praeteream.
631 4142 745 4218 Novam
764 4156 800 4216 arl
855 4156 945 4234 cujus
965 4171 1049 4233 spem
1073 4155 1161 4228 44444,
1183 4154 1364 4231 scriptorum
1387 4149 1570 4230 Septentrio-

88 4245 150 4308 llS.
167 4243 599 4311 [helmstadienserecensitam
611 4249 733 4310 molitus
746 4249 802 4310 init
855 4249 978 4312 nalium.
995 4247 1110 4310 54844444
1130 4247 1235 4308 habuit
1252 4242 1442 4320 Peireslnus,
1463 4242 1573 4305 voluit

88 4336 130 4397 to.
146 4333 333 4410 8445444444,
346 4339 434 4416 eujus
451 4338 520 4403 vids
530 4341 634 4402 Varias
645 4343 800 4406 Lectiones
853 4361 913 4424 que
926 4350 1088 4421 4444444444
1103 4339 1389 4421 ingolstadiensibus
1405 4336 1490 4416 typis
1503 4353 1570 4414 pro

89 4432 121 4496 in
137 4431 322 4494 Matthaeum
337 4448 403 4511 pag.
419 4430 487 4494 259.
505 4433 566 4496 Sed
580 4436 734 4496 meliorem
750 4437 801 4498 ha·
853 4437 950 4512 diret,
977 4438 1005 4496 in
1028 4436 1127 4496 lucem
1148 4436 1238 4496 dare:
1261 4433 1364 4496 laudat
1384 4431 1442 4492 llS.
1469 4432 1569 4490 etiam.

90 4531 201 4588 ctenus
228 4525 375 4590 debemus
400 4525 508 4605 4444444
533 4526 651 4593 Danieli
675 4528 800 4596 Othonia
851 4531 982 4594 Thomas
1000 4529 1194 4593 Dartlnlious
1215 4530 1245 4588 in
1266 4525 1388 4588 schedio
1405 4523 1443 4622 de
1464 4522 1567 4584 4444444-

83 4755 89 4764 =
130 4727 157 4786 a)
179 4723 241 4776 444444.
257 4729 424 4790 (4444444444
441 4733 503 4780 toro.
518 4729 567 4778 xv.
585 4739 643 4793 pag.
660 4728 712 4782 tao.
728 4729 806 4782 Gala·
895 4730 923 4790 b)
939 4733 1056 4781 44444444
1072 4727 1232 4782 de'letteratt
1249 4727 1359 4780 d'ltalla
1374 4731 1393 4786 t,
1410 4727 1499 4776 xxxv.
1517 4737 1574 4789 pag.

88 4797 144 4852 hrts
160 4801 306 4863 1444444444
322 4805 350 4852 h.
367 4801 437 4854 4747.
454 4815 513 4866 pag.
527 4803 582 4854 904.
851 4802 908 4855 595.
