3562 5582
196 195 235 258 18
603 225 605 228 -
819 177 1068 240 0100010108

195 299 308 361 rustica
321 294 484 374 Gargilium
504 291 678 366 trequentes
696 287 818 361 laudat,
840 285 911 346 edit.
968 283 1178 346 affirmandum
1202 293 1308 348 censet
1329 293 1396 366 pag:
1418 287 1475 350 000
1492 289 1679 350 delensionis.

196 389 450 456 Commelinianae
461 401 527 464 pag.
542 381 600 444 500
616 427 625 456 ,
644 382 703 442 505
716 378 800 458 ,570
814 421 821 454 ,
837 378 911 454 578,
967 377 1175 440 Christianum
1190 395 1259 440 esse
1277 383 1472 459 scriptorem,
1498 383 1680 461 minimeque

196 488 278 560 580,
311 483 392 554 589,
421 479 498 554 593,
529 475 609 552 508,
638 475 719 551 608,
743 473 822 550 600,
844 473 910 534 636.
967 488 1092 551 graece,
1114 470 1194 550 quod
1216 474 1378 536 voluerunt
1399 475 1500 554 aliqui,
1521 476 1572 536 sed
1591 477 1680 538 050055

195 577 312 640 Laudat
328 583 359 634 et
377 573 485 633 librum
497 567 611 647 ejusde
625 566 728 628 Hortis
744 565 793 627 551
805 566 912 626 Horto-
967 566 1126 643 scripsisse
1141 565 1274 626 ostendit
1294 567 1435 628 Bartbius
1464 570 1522 644 lV,
1549 570 1596 631 00.
1622 569 1681 630 00-

194 688 265 732 rum
295 666 416 729 cultura
445 665 571 725 Servius
602 662 640 722 ad
660 661 827 739 Georgicon
854 659 911 734 lV,
967 674 1088 718 versae·
1107 657 1182 737 Ejus
1201 659 1414 739 passionarius
1431 661 1467 722 de
1485 661 1678 742 aegritudini-

197 765 265 827 ll8.
283 764 328 824 Ex
346 757 607 838 corporeGargilii
622 753 713 832 buius
735 759 912 831 excerptum
969 749 1025 813 055
1044 770 1065 812 5
1080 751 1188 832 cupite·
1201 769 1296 834 usque
1313 753 1358 816 od
1373 754 1465 834 pedes
1479 763 1546 835 post
1565 757 1679 834 Lugdu-

195 856 232 917 de
248 871 325 916 cura
341 850 429 912 boum
454 851 510 912 luit
534 851 595 911 llS.
613 850 641 907 in
660 847 797 910 Biblictb.
813 845 912 906 isaaci
962 861 1080 908 555555
1095 847 1242 908 editiones
1252 847 1360 925 prodiit
1372 849 1571 911 0550055505.
1585 851 1653 911 0530
1672 895 1679 924 ,
1764 879 1766 883 ·

195 951 313 1023 Vossii,
330 945 418 1006 bodie
447 946 477 1003 in
510 941 646 1004 Biblioth.
677 940 824 1004 Leidensi.
851 938 911 1000 Sed
968 940 996 999 0.
1015 940 1113 1016 0530,
1132 941 1160 1000 8.
1188 957 1280 1019 quem
1302 959 1339 1002 ex
1358 943 1484 1018 Galeni,
1505 944 1676 1022 AEginetae,

194 1041 337 1105 Martialis
354 1036 446 1116 hujus
461 1035 604 1114 reliquias
614 1035 695 1113 typis
706 1031 911 1120 Lipsiensibus
966 1030 1052 1093 0050.
1071 1032 1210 1094 Tralliani
1228 1040 1259 1093 et
1275 1034 1421 1096 Theodori
1438 1038 1578 1098 Prisciani
1599 1038 1676 1098 libris

194 1135 364 1213 exscriptas
379 1127 696 1210 proximavidebimus
710 1129 740 1186 iu
758 1125 911 1188 luculenta
966 1128 1166 1204 compositum
1195 1143 1284 1202 esse,
1307 1128 1371 1207 jam
1393 1136 1463 1192 aule
1484 1147 1579 1191 annos
1601 1131 1677 1204 lllll,

190 1228 371 1305 scriptorum
388 1225 431 1284 rei
451 1223 593 1283 llusticae
610 1227 641 1280 50
658 1219 772 1298 vegetii
800 1217 912 1278 veteri·
966 1218 1084 1280 viderat
1101 1221 1203 1282 Simon
1221 1222 1403 1297 tunnensis,
1418 1224 1469 1300 qui
1486 1224 1679 1306 ,synonymi-

195 1321 271 1381 narii
291 1317 421 1379 editione
431 1363 440 1394 ,
463 1333 553 1395 quam
575 1321 660 1394 parat
676 1315 724 1373 vir
744 1310 912 1373 eruditissi·
967 1305 1034 1373 rum
1050 1312 1159 1374 librum
1178 1315 1357 1392 composuit.
1375 1315 1422 1376 Ex
1448 1316 1539 1376 Plinio
1562 1334 1679 1395 quoque

194 1429 264 1474 mus
278 1414 410 1472 ioannes
430 1409 569 1470 llattbias
596 1407 760 1468 Gesneros.
783 1407 825 1466 05
846 1404 912 1465 50005
967 1405 1066 1484 aliqua
1089 1405 1286 1484 descripsisse
1312 1407 1453 1470 barthius
1467 1407 1625 1484 observat,
1642 1427 1679 1471 cx

194 1507 333 1587 Gargiliis
349 1511 381 1564 et
396 1503 594 1583 Gargilianls,
611 1491 744 1562 loannes
768 1497 913 1560 Glandor·
967 1497 1123 1560 Theodoro
1136 1504 1245 1562 autem
1267 1502 1417 1563 Prisciano
1445 1503 1558 1580 integra
1584 1504 1680 1581 capita

127 1645 131 1652 .
192 1602 262 1682 pius
292 1601 324 1658 in
357 1599 552 1660 Onomastico
588 1595 731 1656 historiae
762 1594 912 1653 Romanae
967 1594 1057 1668 Xlll,
1075 1596 1274 1672 comportavit
1287 1601 1411 1656 notante
1427 1597 1614 1670 lisinesio,al
1630 1593 1682 1660 scd

194 1711 261 1773 pag.
284 1689 352 1752 378.
487 1767 490 1774 ,
649 1743 652 1749 .
967 1684 1204 1765 odeoperoerse,
1220 1691 1256 1746 50
1269 1686 1373 1749 uidere
1390 1687 1516 1750 bominis
1532 1693 1678 1770 stuporem

233 1783 401 1848 GAlllNUS
416 1783 487 1860 Ord.
505 1783 609 1845 Praed.
629 1780 719 1859 jussu
733 1776 914 1856 Hugocisab
968 1783 998 1841 50
1017 1777 1172 1858 indignari
1195 1773 1289 1841 ’50550
1309 1773 1385 1844 sotis
1415 1781 1498 1844 laud
1520 1782 1679 1864 possimus,

193 1879 251 1942 05.
273 1877 345 1942 0330
374 1877 410 1938 50
433 1879 521 1939 0300.
543 1878 676 1954 Magistri
697 1873 820 1936 Ordinis
843 1871 916 1934 scri-
969 1873 1077 1954 quippe
1104 1867 1182 1953 5555
1204 1889 1261 1933 non
1290 1872 1465 1956 intelligeret
1492 1875 1591 1938 5550500
1615 1893 1681 1936 555-

195 1976 257 2053 psit
273 1974 331 2034 05.
351 1972 439 2032 0300.
453 1969 632 2048 legendam
651 1966 687 2028 de
699 1965 764 2028 uilo
777 1970 807 2026 50
820 1963 916 2024 miro-
969 1971 1067 2054 sulio,
1086 1981 1164 2046 quoe
1193 1967 1365 2048 intelligere·
1388 1986 1420 2030 se
1443 1960 1587 2050 putaret,
1605 1967 1679 2030 mae

192 2065 273 2128 ‚culis
300 2065 334 2126 Β.
356 2065 549 2142 liurpuretoe
570 2063 700 2140 Virginis
716 2058 787 2121 Ord.
810 2057 914 2120 Pracd.
970 2065 1071 2121 lumen
1095 2059 1257 2142 descrapsil
1278 2081 1321 2139 ,an
1344 2061 1487 2142 pluribus
1510 2065 1680 2124 55505ηο0550

197 2161 274 2222 liliae
291 2157 379 2238 liepis
402 2155 561 2234 05555055,
579 2154 738 2217 damnatae
753 2153 809 2214 05.
827 2149 915 2212 0070.
969 2154 1019 2216 sui
1034 2154 1168 2216 auctoris
1179 2153 1272 2234 plone
1279 2157 1413 2234 555500,
1429 2155 1576 2219 interdurn
1593 2155 1632 2218 50
1648 2175 1679 2218 eo

196 2255 307 2316 Exstat
323 2249 404 2330 apud
420 2250 543 2311 Surium
558 2249 602 2310 08
612 2249 734 2308 ianuar.
746 2251 778 2306 50
789 2247 818 2304 05
831 2242 914 2306 dctis
970 2245 1002 2306 in
1022 2245 1157 2309 leviculis
1182 2247 1338 2326 dissentit,
1364 2249 1456 2328 quasi
1479 2248 1576 2331 plagii
1593 2249 1680 2330 culco

197 2347 333 2408 sanctor.
356 2351 429 2404 tom.
445 2343 474 2404 0.
490 2335 614 2403 ianuar.
628 2357 693 2420 pag.
711 2337 854 2400 000-906.
963 2345 1127 2420 propterea
1142 2359 1211 2402 cum
1225 2339 1265 2402 50
1284 2359 1317 2402 55
1338 2347 1501 2403 5555550555
1515 2341 1631 2423 fuam,
1653 2349 1681 2404 50

235 2435 520 2506 sauromatis,
539 2431 778 2513 Wart'ssmffllum
791 2476 800 2507 a
814 2427 914 2490 110100·
968 2423 1085 2494 ormino
1099 2434 1187 2495 varic
1199 2441 1323 2498 5555550
1340 2435 1530 2516 meguuines
1554 2441 1608 2496 505.
1624 2437 1679 2498 Ga-

192 2537 317 2614 potum‚
335 2528 562 2610 Wamtipoium,
579 2526 780 2606 Gitaripolum
795 2525 844 2585 0111
862 2537 914 2600 ilp-
967 2529 1035 2590 lenc
1061 2530 1102 2588 ita
1121 2545 1196 2590 usus
1225 2535 1274 2590 est
1288 2530 1509 2610 Gariopontus,
1529 2536 1563 2592 ul
1579 2530 1678 2591 Galeni

196 2625 319 2705 pellant.
339 2619 526 2704 Gurncpulus
544 2617 712 2700 manipulos
728 2614 912 2678 Galenisur-
966 2626 1056 2685 etiam
1079 2625 1198 2684 nomine
1213 2624 1281 2704 eius
1298 2625 1502 2704 passionarius
1529 2641 1547 2685 a
1573 2625 1677 2703 quibu-

196 2718 311 2799 rl'pt'etts
323 2715 434 2778 (1101000
460 2715 584 2778 valesce
611 2713 649 2774 de
666 2715 804 2789 Taranta.
821 2709 912 2770 Gou-
967 2716 1053 2778 sdam
1069 2715 1270 2795 allegaretur,
1287 2718 1365 2797 quod
1383 2725 1415 2778 el
1432 2715 1548 2779 duobus
1573 2715 1677 2780 libellis

192 2827 306 2892 penum
324 2816 410 2871 vocat
425 2807 594 2870 0050005555
609 2805 914 2868 silvaticusllautua-
965 2808 1209 2890 apmmffllamm
1236 2813 1302 2872 sive
1322 2809 1597 2892 experimentorum
1625 2811 1679 2873 Ga.

197 2923 277 2983 nus,
292 2903 439 2982 jubilatus
461 2907 492 2962 50
505 2901 652 2962 classicus
679 2901 757 2959 inter
783 2895 912 2959 11001008
966 2905 1091 2984 riopnnti
1108 2906 1221 2966 iactum
1239 2921 1308 2967 esse
1334 2905 1552 2994 animadvertit
1578 2907 1679 2967 005055-

198 3001 246 3061 sui
269 2998 424 3076 temporis
440 2996 638 3056 visitantem
656 2994 818 3054 silvaticus
833 2992 912 3050 01000
966 2999 1031 3060 sius
1051 3015 1120 3077 pag.
1140 2999 1209 3060 508.
1230 2993 1299 3060 Var,
1322 3001 1402 3060 0550,
1425 3000 1475 3060 ubi
1498 3000 1567 3061 illus
1590 2999 1677 3060 libros

197 3091 254 3153 05.
277 3091 354 3153 0830
371 3104 431 3167 quo
452 3093 587 3166 tempore
604 3085 692 3166 paulo
712 3083 912 3164 antiquiorem
962 3107 1034 3152 vero
1051 3093 1165 3152 auctori
1183 3093 1326 3154 restituit.
1343 3094 1550 3155 Passicnarius
1564 3096 1594 3152 in
1608 3093 1676 3170 edil.

199 3201 268 3247 esse
284 3184 498 3261 Gariopontum
515 3180 641 3260 putabat
662 3179 820 3239 lteinesius
846 3191 911 3254 pag·
965 3183 1059 3262 Lugd.
1089 3185 1168 3246 0500
1192 3191 1223 3244 50
1248 3185 1345 3261 0500,
1369 3186 1396 3246 0.
1423 3187 1555 3265 praelert
1572 3201 1676 3246 nomen

201 3280 267 3341 350.
287 3275 355 3339 Var.
371 3278 457 3337 lect.¹
470 3282 502 3336 et
523 3275 571 3335 lib.
588 3273 638 3335 000.
654 3287 719 3350 cap.
739 3271 786 3332 00.
805 3269 864 3331 Sed
882 3269 912 3327 in
968 3273 1089 3352 050550,
1108 3275 1232 3355 junctos
1246 3277 1361 3340 babens
1376 3279 1467 3340 libros
1481 3285 1566 3339 tres:
1587 3277 1624 3339 de
1638 3278 1678 3339 ie-

200 3373 320 3433 00055505
336 3369 511 3431 0505550555
526 3413 534 3446 ,
549 3365 687 3450 Andreae
702 3365 809 3424 iiivino
826 3377 916 3452 oppia
968 3369 1091 3445 bribus,
1112 3368 1149 3430 de
1172 3370 1305 3432 febribus
1326 3373 1458 3450 typicis,
1479 3379 1511 3434 et
1538 3370 1576 3432 de
1603 3387 1681 3449 sym·

205 3469 283 3540 5005,
301 3463 339 3525 50
357 3461 500 3523 seculum
524 3459 717 3522 undecimum
738 3457 841 3518 relerri
865 3454 913 3516 de
968 3462 1153 3544 plumatibus
1171 3463 1310 3525 febrium.
1328 3465 1361 3525 ln
1380 3465 1479 3528 leonte
1503 3464 1577 3526 baec
1592 3465 1680 3544 verba
1760 3527 1768 3552 4

200 3562 273 3621 bara
288 3554 422 3618 ostendit
430 3571 468 3614 ex
486 3553 658 3613 testimonio
675 3553 753 3614 Petri
770 3549 916 3622 05550550,
969 3553 1065 3618 edleor
1077 3559 1197 3635 posuis:
1216 3555 1325 3617 Galam
1339 3557 1520 3636 pergameni
1530 3557 1681 3637 passiona-

203 3646 426 3732 quinctili
447 3645 528 3706 obiit.
547 3647 580 3707 ln
598 3645 689 3724 hujus
705 3647 786 3734 enim
800 3645 918 3724 Episto
970 3648 1151 3711 rabodonis
1173 3646 1299 3710 muitum
1320 3648 1533 3726 0550555055,
1554 3649 1682 3728 5595005-

201 3747 240 3806 005
257 3744 324 3804 libri
339 3741 375 3802 V.
392 3739 526 3817 Epistola
543 3741 581 3814 06
598 3739 635 3800 50
654 3739 833 3803 Pandullum
851 3737 918 3799 Gle-
971 3741 1055 3802 dines
1067 3759 1088 3801 u
1101 3741 1197 3820 cupite
1216 3741 1258 3802 od
1266 3742 1360 3822 pedes
1371 3761 1467 3823 tuque
1484 3743 1681 3825 complectens,

202 3838 298 3898 riuum
319 3833 393 3894 baec
411 3832 503 3894 verba
520 3837 720 3912 reperiuntur,
735 3849 813 3912 quae
826 3832 918 3894 etiam
970 3839 1003 3914 ab
1022 3833 1153 3915 queisque
1173 3831 1267 3894 libros
1288 3834 1405 3898 0050555
1426 3844 1483 3898 505.
1500 3840 1572 3917 Lapa
1593 3837 1683 3916 igitur

202 3929 344 3992 barthius
354 3925 458 3987 laudat
470 3926 510 3988 ad
522 3927 693 3988 Zachariam
705 3926 918 4004 Mitylenaeum
971 3929 1001 3986 50
1017 3923 1051 3984 ni
1071 3921 1126 3984 tibi
1145 3941 1228 3987 mens
1250 3922 1338 3986 05055
1355 3925 1463 4007 fuerit,
1485 3927 1607 3990 cundem
1627 3925 1684 3986 Go-

203 4039 271 4101 pag.
287 4013 479 4082 07000550
506 4019 586 4100 quod
610 4019 685 4082 mibi
703 4019 918 4101 Gorimpoutus
971 4015 1030 4078 leni
1050 4022 1080 4078 50
1099 4033 1157 4078 555
1178 4015 1306 4080 odarius
1329 4023 1373 4096 (ut
1390 4019 1469 4102 salso
1485 4019 1606 4103 quidum
1621 4035 1682 4080 ore·

203 4112 536 4192 emensieniensi
558 4113 784 4178 bonestimimus
810 4123 840 4176 50
864 4133 917 4194 op-
970 4111 1053 4186 0550)
1064 4127 1128 4174 esse
1135 4111 1311 4192 perpendes.
1328 4115 1381 4174 ilie
1398 4116 1600 4194 passionarius
1610 4112 1683 4172 mul-

200 4225 299 4289 prinae
310 4205 406 4269 literis
416 4206 553 4270 55500055
566 4207 822 4270 medicusrctulit.
841 4207 919 4270 Airi—
971 4213 1037 4266 tum
1056 4203 1232 4283 discrepans
1254 4204 1292 4266 ab
1312 4207 1400 4267 editis
1422 4209 1478 4271 luit
1499 4211 1528 4267 in
1547 4206 1683 4286 ;Biblioth.
1759 4259 1762 4274 ,

203 4319 314 4366 canum
337 4304 516 4383 nescioquo
534 4309 657 4366 auctore
678 4304 792 4364 iaciunt
811 4300 919 4368 Linde-
969 4298 1076 4359 Renati
1096 4299 1237 4375 Maraeu,
1259 4307 1338 4362 test-e
1359 4301 1475 4364 Labbeo
1505 4300 1577 4361 llibl.
1605 4293 1682 4362 tiss,

204 4387 295 4472 nius,
311 4395 483 4472 llerltlinus,
500 4397 676 4474 Mangelus:
695 4396 728 4457 ln
750 4396 834 4457 005005
846 4397 919 4456 scri-
970 4409 1041 4472 pag.
1063 4391 1133 4453 008.
1152 4393 1195 4452 lla
1209 4391 1315 4454 eodem
1337 4393 1519 4473 subjungam
1535 4394 1631 4454 locum
1647 4410 1683 4453 ex

204 4491 317 4568 psisse,
339 4488 392 4548 sed
415 4507 432 4552 a
452 4489 649 4552 Salernitanis
670 4489 842 4551 doctoribus
867 4505 920 4550 ve·
971 4486 1074 4564 ecloga
1105 4484 1221 4546 Oxouio
1253 4487 1516 4565 cantabrigiensi,
1544 4490 1587 4549 uti
1618 4503 1684 4548 eum
1757 4489 1760 4504 '

204 4601 371 4664 cenorum,
398 4585 598 4647 eruditionem
634 4584 804 4663 accepisse,
833 4587 919 4660 putat
971 4578 1093 4641 adducit
1104 4580 1239 4639 ilenatus
1252 4581 1371 4641 Moreau
1385 4580 1594 4660 prolegomad
1604 4582 1685 4642 sebo
1756 4593 1759 4660 l

197 4679 381 4756 0050555055,
401 4680 453 4756 qul
475 4681 590 4740 Salerni
612 4681 641 4738 in
672 4694 765 4756 regno
785 4677 917 4756 Neapoli-

305 4772 420 4852 55
632 4771 917 4848 ...mm
1188 4745 1246 4861 a
1261 4733 1537 4875 55555
1554 4745 1620 4864 u:
1635 4737 1689 4862 5

205 4876 317 4936 factum
349 4867 441 4929 1111880
471 4865 685 4943 6801010001οω
712 4864 916 4926 indubitanter
964 4885 1093 4936 351111,οῃ
1110 4882 1242 4938 Adparent,
