<?xml version="1.0" encoding="UTF-8"?>
<!DOCTYPE html PUBLIC "-//W3C//DTD XHTML 1.0 Transitional//EN"
    "http://www.w3.org/TR/xhtml1/DTD/xhtml1-transitional.dtd">
<html xmlns="http://www.w3.org/1999/xhtml" xml:lang="en" lang="en">
 <head>
  <title>
</title>
<meta http-equiv="Content-Type" content="text/html;charset=utf-8" />
  <meta name='ocr-system' content='tesseract 3.04.00' />
  <meta name='ocr-capabilities' content='ocr_page ocr_carea ocr_par ocr_line ocrx_word'/>
</head>
<body>
  <div class='ocr_page' id='page_1' title='image "./bibliothecalati00schgoog/bibliothecalati00schgoog_0425.png"; bbox 0 0 3624 5600; ppageno 0'>
   <div class='ocr_carea' id='block_1_1' title="bbox 243 135 1120 208">
    <p class='ocr_par' dir='ltr' id='par_1_1' title="bbox 243 135 1120 208">
     <span class='ocr_line' id='line_1_1' title="bbox 243 135 1120 208; baseline -0.026 11"><span class='ocrx_word' id='word_1_1' title='bbox 243 145 301 208; x_wconf 56' lang='lat'><strong>43⁰</strong></span> <span class='ocrx_word' id='word_1_2' title='bbox 859 135 1120 202; x_wconf 83' lang='lat' dir='ltr'><strong>JOIlNNES</strong></span> 
     </span>
    </p>
   </div>
   <div class='ocr_carea' id='block_1_2' title="bbox 239 235 1717 3040">
    <p class='ocr_par' dir='ltr' id='par_1_2' title="bbox 239 235 1717 3040">
     <span class='ocr_line' id='line_1_2' title="bbox 242 235 1701 328; baseline -0.014 -14"><span class='ocrx_word' id='word_1_3' title='bbox 242 250 405 314; x_wconf 83' lang='lat' dir='ltr'><strong>Monachus</strong></span> <span class='ocrx_word' id='word_1_4' title='bbox 416 247 630 311; x_wconf 76' lang='lat' dir='ltr'><strong>benedictinus</strong></span> <span class='ocrx_word' id='word_1_5' title='bbox 644 246 723 327; x_wconf 90' lang='lat' dir='ltr'><strong>apud</strong></span> <span class='ocrx_word' id='word_1_6' title='bbox 733 248 961 328; x_wconf 78' lang='lat' dir='ltr'><strong>cantebrigien—</strong></span> <span class='ocrx_word' id='word_1_7' title='bbox 1016 243 1250 322; x_wconf 87' lang='lat' dir='ltr'><strong>subiunguntur.</strong></span> <span class='ocrx_word' id='word_1_8' title='bbox 1263 239 1432 304; x_wconf 76' lang='lat' dir='ltr'><strong>Succedunt</strong></span> <span class='ocrx_word' id='word_1_9' title='bbox 1445 235 1651 298; x_wconf 79' lang='lat' dir='ltr'><strong>constitutiones</strong></span> <span class='ocrx_word' id='word_1_10' title='bbox 1659 235 1701 294; x_wconf 83' lang='grc'><strong>44</strong></span> 
     </span>
     <span class='ocr_line' id='line_1_3' title="bbox 241 327 1700 420; baseline -0.014 -13"><span class='ocrx_word' id='word_1_11' title='bbox 241 362 293 406; x_wconf 89' lang='lat' dir='ltr'><strong>ses</strong></span> <span class='ocrx_word' id='word_1_12' title='bbox 309 346 386 406; x_wconf 90' lang='lat' dir='ltr'><strong>circa</strong></span> <span class='ocrx_word' id='word_1_13' title='bbox 408 359 455 402; x_wconf 89' lang='grc'><strong>44.</strong></span> <span class='ocrx_word' id='word_1_14' title='bbox 468 341 557 403; x_wconf 86' lang='grc'><strong>4467.</strong></span> <span class='ocrx_word' id='word_1_15' title='bbox 575 343 703 420; x_wconf 75' lang='lat' dir='ltr'><strong>Scripsit</strong></span> <span class='ocrx_word' id='word_1_16' title='bbox 724 343 762 404; x_wconf 87' lang='lat' dir='ltr'><strong>de</strong></span> <span class='ocrx_word' id='word_1_17' title='bbox 782 343 913 404; x_wconf 73' lang='lat' dir='ltr'><strong>obicibus</strong></span> <span class='ocrx_word' id='word_1_18' title='bbox 930 347 962 402; x_wconf 90' lang='lat' dir='ltr'><strong>et</strong></span> <span class='ocrx_word' id='word_1_19' title='bbox 984 371 987 380; x_wconf 88' lang='lat'><strong>·</strong></span> <span class='ocrx_word' id='word_1_20' title='bbox 1016 339 1104 400; x_wconf 91' lang='lat' dir='ltr'><strong>annis</strong></span> <span class='ocrx_word' id='word_1_21' title='bbox 1121 335 1276 398; x_wconf 77' lang='lat' dir='ltr'>stratford.</span> <span class='ocrx_word' id='word_1_22' title='bbox 1293 337 1320 396; x_wconf 89' lang='lat' dir='ltr'><strong>in</strong></span> <span class='ocrx_word' id='word_1_23' title='bbox 1336 335 1424 398; x_wconf 85' lang='lat' dir='ltr'><strong>Cone.</strong></span> <span class='ocrx_word' id='word_1_24' title='bbox 1435 331 1631 414; x_wconf 69' lang='lat' dir='ltr'><strong>cantuariensi</strong></span> <span class='ocrx_word' id='word_1_25' title='bbox 1646 327 1700 388; x_wconf 89' lang='lat' dir='ltr'><strong>edi·</strong></span> 
     </span>
     <span class='ocr_line' id='line_1_4' title="bbox 243 423 1698 505; baseline -0.014 -4"><span class='ocrx_word' id='word_1_26' title='bbox 243 439 312 501; x_wconf 92' lang='lat' dir='ltr'><strong>aliis</strong></span> <span class='ocrx_word' id='word_1_27' title='bbox 333 436 578 498; x_wconf 80' lang='lat' dir='ltr'><strong>memorabilibus</strong></span> <span class='ocrx_word' id='word_1_28' title='bbox 600 435 739 497; x_wconf 80' lang='lat' dir='ltr'><strong>doenobtt</strong></span> <span class='ocrx_word' id='word_1_29' title='bbox 761 438 818 498; x_wconf 87' lang='lat' dir='ltr'><strong>sui.</strong></span> <span class='ocrx_word' id='word_1_30' title='bbox 835 439 961 497; x_wconf 81' lang='lat' dir='ltr'><strong>Decreta</strong></span> <span class='ocrx_word' id='word_1_31' title='bbox 1019 440 1135 493; x_wconf 90' lang='grc'><strong>44444.</strong></span> <span class='ocrx_word' id='word_1_32' title='bbox 1163 430 1249 492; x_wconf 90' lang='grc'><strong>4344.</strong></span> <span class='ocrx_word' id='word_1_33' title='bbox 1272 444 1348 505; x_wconf 88' lang='lat' dir='ltr'><strong>quae</strong></span> <span class='ocrx_word' id='word_1_34' title='bbox 1370 428 1398 486; x_wconf 90' lang='lat' dir='ltr'><strong>io</strong></span> <span class='ocrx_word' id='word_1_35' title='bbox 1419 424 1582 504; x_wconf 83' lang='lat' dir='ltr'><strong>spelmanni</strong></span> <span class='ocrx_word' id='word_1_36' title='bbox 1600 423 1698 500; x_wconf 79' lang='lat' dir='ltr'><strong>pariter</strong></span> 
     </span>
     <span class='ocr_line' id='line_1_5' title="bbox 242 515 1703 611; baseline -0.016 -15"><span class='ocrx_word' id='word_1_37' title='bbox 242 531 400 611; x_wconf 86' lang='lat' dir='ltr'><strong>quaedam.</strong></span> <span class='ocrx_word' id='word_1_38' title='bbox 418 529 628 609; x_wconf 78' lang='lat' dir='ltr'><strong>speculativas</strong></span> <span class='ocrx_word' id='word_1_39' title='bbox 645 530 826 592; x_wconf 89' lang='lat' dir='ltr'><strong>Sanctorum</strong></span> <span class='ocrx_word' id='word_1_40' title='bbox 840 533 962 590; x_wconf 88' lang='lat' dir='ltr'><strong>Petrum</strong></span> <span class='ocrx_word' id='word_1_41' title='bbox 1018 526 1194 588; x_wconf 84' lang='lat' dir='ltr'><strong>collectione</strong></span> <span class='ocrx_word' id='word_1_42' title='bbox 1205 523 1352 583; x_wconf 90' lang='lat' dir='ltr'><strong>concilior.</strong></span> <span class='ocrx_word' id='word_1_43' title='bbox 1368 519 1591 597; x_wconf 80' lang='lat' dir='ltr'><strong>doglicanorum</strong></span> <span class='ocrx_word' id='word_1_44' title='bbox 1613 515 1703 592; x_wconf 84' lang='lat' dir='ltr'><strong>legun-</strong></span> 
     </span>
     <span class='ocr_line' id='line_1_6' title="bbox 246 607 1703 701; baseline -0.013 -17"><span class='ocrx_word' id='word_1_45' title='bbox 246 625 414 686; x_wconf 91' lang='lat' dir='ltr'><strong>sententias</strong></span> <span class='ocrx_word' id='word_1_46' title='bbox 430 623 468 684; x_wconf 89' lang='lat' dir='ltr'><strong>de</strong></span> <span class='ocrx_word' id='word_1_47' title='bbox 486 622 558 684; x_wconf 87' lang='lat' dir='ltr'><strong>Fide</strong></span> <span class='ocrx_word' id='word_1_48' title='bbox 572 667 579 698; x_wconf 84' lang='lat'><strong>,</strong></span> <span class='ocrx_word' id='word_1_49' title='bbox 593 624 652 701; x_wconf 87' lang='lat' dir='ltr'><strong>Spe</strong></span> <span class='ocrx_word' id='word_1_50' title='bbox 669 629 700 682; x_wconf 87' lang='lat' dir='ltr'><strong>et</strong></span> <span class='ocrx_word' id='word_1_51' title='bbox 713 623 877 684; x_wconf 86' lang='lat' dir='ltr'><strong>Charitatc.</strong></span> <span class='ocrx_word' id='word_1_52' title='bbox 891 622 965 694; x_wconf 83' lang='lat' dir='ltr'><strong>llide</strong></span> <span class='ocrx_word' id='word_1_53' title='bbox 1019 627 1088 682; x_wconf 89' lang='lat' dir='ltr'><strong>tar:</strong></span> <span class='ocrx_word' id='word_1_54' title='bbox 1104 616 1157 678; x_wconf 89' lang='lat' dir='ltr'><strong>sed</strong></span> <span class='ocrx_word' id='word_1_55' title='bbox 1174 615 1283 676; x_wconf 89' lang='lat' dir='ltr'><strong>mendo</strong></span> <span class='ocrx_word' id='word_1_56' title='bbox 1301 612 1418 675; x_wconf 87' lang='lat' dir='ltr'><strong>Codicis</strong></span> <span class='ocrx_word' id='word_1_57' title='bbox 1433 612 1491 688; x_wconf 80' lang='lat' dir='ltr'><strong>llS.</strong></span> <span class='ocrx_word' id='word_1_58' title='bbox 1506 609 1631 672; x_wconf 88' lang='lat' dir='ltr'><strong>Watterc</strong></span> <span class='ocrx_word' id='word_1_59' title='bbox 1647 607 1703 666; x_wconf 83' lang='lat' dir='ltr'><strong>Rai-</strong></span> 
     </span>
     <span class='ocr_line' id='line_1_7' title="bbox 242 701 1703 796; baseline -0.014 -17"><span class='ocrx_word' id='word_1_60' title='bbox 242 721 375 780; x_wconf 82' lang='lat' dir='ltr'><strong>l’itseum</strong></span> <span class='ocrx_word' id='word_1_61' title='bbox 394 733 460 796; x_wconf 89' lang='lat' dir='ltr'><strong>pag.</strong></span> <span class='ocrx_word' id='word_1_62' title='bbox 484 717 552 776; x_wconf 83' lang='lat'><strong>657.</strong></span> <span class='ocrx_word' id='word_1_63' title='bbox 577 717 718 777; x_wconf 88' lang='lat' dir='ltr'><strong>Vossium</strong></span> <span class='ocrx_word' id='word_1_64' title='bbox 739 733 806 794; x_wconf 89' lang='lat' dir='ltr'><strong>pag.</strong></span> <span class='ocrx_word' id='word_1_65' title='bbox 830 717 898 777; x_wconf 88' lang='grc'><strong>634.</strong></span> <span class='ocrx_word' id='word_1_66' title='bbox 951 751 953 754; x_wconf 96' lang='grc'>-</span> <span class='ocrx_word' id='word_1_67' title='bbox 1020 711 1089 773; x_wconf 90' lang='lat' dir='ltr'><strong>naid</strong></span> <span class='ocrx_word' id='word_1_68' title='bbox 1101 710 1217 790; x_wconf 68' lang='lat' dir='ltr'><strong>⁴viginti</strong></span> <span class='ocrx_word' id='word_1_69' title='bbox 1233 724 1335 768; x_wconf 89' lang='lat' dir='ltr'><strong>annor.</strong></span> <span class='ocrx_word' id='word_1_70' title='bbox 1350 705 1572 782; x_wconf 80' lang='lat' dir='ltr'><strong>anachronismo</strong></span> <span class='ocrx_word' id='word_1_71' title='bbox 1584 701 1703 762; x_wconf 76' lang='lat' dir='ltr'><strong>tribum</strong></span> 
     </span>
     <span class='ocr_line' id='line_1_8' title="bbox 281 793 1705 888; baseline -0.015 -16"><span class='ocrx_word' id='word_1_72' title='bbox 281 810 451 872; x_wconf 80' lang='lat' dir='ltr'><strong>JOANNES</strong></span> <span class='ocrx_word' id='word_1_73' title='bbox 482 811 581 871; x_wconf 82' lang='grc'><strong>844444</strong></span> <span class='ocrx_word' id='word_1_74' title='bbox 602 811 668 870; x_wconf 89' lang='lat' dir='ltr'><strong>sive</strong></span> <span class='ocrx_word' id='word_1_75' title='bbox 689 810 797 872; x_wconf 85' lang='lat' dir='ltr'><strong>Siccus</strong></span> <span class='ocrx_word' id='word_1_76' title='bbox 828 808 963 888; x_wconf 80' lang='lat' dir='ltr'><strong>Anglus,</strong></span> <span class='ocrx_word' id='word_1_77' title='bbox 1021 813 1071 868; x_wconf 87' lang='lat' dir='ltr'><strong>tur</strong></span> <span class='ocrx_word' id='word_1_78' title='bbox 1091 821 1161 866; x_wconf 91' lang='lat' dir='ltr'><strong>cum</strong></span> <span class='ocrx_word' id='word_1_79' title='bbox 1181 803 1209 862; x_wconf 91' lang='lat' dir='ltr'><strong>in</strong></span> <span class='ocrx_word' id='word_1_80' title='bbox 1228 802 1302 879; x_wconf 85' lang='lat' dir='ltr'><strong>ipsis</strong></span> <span class='ocrx_word' id='word_1_81' title='bbox 1323 799 1445 860; x_wconf 80' lang='grc'><strong>04444444</strong></span> <span class='ocrx_word' id='word_1_82' title='bbox 1459 798 1532 858; x_wconf 88' lang='grc'><strong>44444</strong></span> <span class='ocrx_word' id='word_1_83' title='bbox 1548 797 1640 857; x_wconf 85' lang='lat' dir='ltr'><strong>Simon</strong></span> <span class='ocrx_word' id='word_1_84' title='bbox 1660 793 1705 852; x_wconf 82' lang='grc'><strong>44-</strong></span> 
     </span>
     <span class='ocr_line' id='line_1_9' title="bbox 239 881 1703 977; baseline -0.016 -11"><span class='ocrx_word' id='word_1_85' title='bbox 239 904 407 966; x_wconf 86' lang='lat' dir='ltr'><strong>llooechus</strong></span> <span class='ocrx_word' id='word_1_86' title='bbox 429 903 499 967; x_wconf 89' lang='grc'><strong>044.</strong></span> <span class='ocrx_word' id='word_1_87' title='bbox 523 903 636 964; x_wconf 81' lang='grc'><strong>444444.</strong></span> <span class='ocrx_word' id='word_1_88' title='bbox 659 902 885 966; x_wconf 87' lang='lat' dir='ltr'><strong>Nordwicensis</strong></span> <span class='ocrx_word' id='word_1_89' title='bbox 905 903 965 964; x_wconf 92' lang='lat' dir='ltr'><strong>cla·</strong></span> <span class='ocrx_word' id='word_1_90' title='bbox 1019 899 1229 977; x_wconf 89' lang='lat' dir='ltr'><strong>chiepiscopos</strong></span> <span class='ocrx_word' id='word_1_91' title='bbox 1260 891 1484 956; x_wconf 87' lang='lat' dir='ltr'><strong>Cantuariensis</strong></span> <span class='ocrx_word' id='word_1_92' title='bbox 1512 881 1703 970; x_wconf 73' lang='lat' dir='ltr'><strong>pntcdcctmor</strong></span> 
     </span>
     <span class='ocr_line' id='line_1_10' title="bbox 242 978 1703 1070; baseline -0.016 -11"><span class='ocrx_word' id='word_1_93' title='bbox 242 1015 295 1059; x_wconf 91' lang='lat' dir='ltr'><strong>rus</strong></span> <span class='ocrx_word' id='word_1_94' title='bbox 309 1000 387 1058; x_wconf 90' lang='lat' dir='ltr'><strong>circa</strong></span> <span class='ocrx_word' id='word_1_95' title='bbox 403 1015 451 1058; x_wconf 91' lang='lat' dir='ltr'><strong>an.</strong></span> <span class='ocrx_word' id='word_1_96' title='bbox 471 997 559 1058; x_wconf 87' lang='grc'><strong>4440.</strong></span> <span class='ocrx_word' id='word_1_97' title='bbox 579 996 720 1058; x_wconf 83' lang='lat' dir='ltr'><strong>interluit</strong></span> <span class='ocrx_word' id='word_1_98' title='bbox 735 997 866 1058; x_wconf 87' lang='lat' dir='ltr'><strong>Concilio</strong></span> <span class='ocrx_word' id='word_1_99' title='bbox 881 997 966 1056; x_wconf 83' lang='lat' dir='ltr'><strong>Eari-</strong></span> <span class='ocrx_word' id='word_1_100' title='bbox 1021 995 1120 1066; x_wconf 86' lang='lat' dir='ltr'><strong>illius,</strong></span> <span class='ocrx_word' id='word_1_101' title='bbox 1141 992 1192 1070; x_wconf 89' lang='lat' dir='ltr'><strong>qui</strong></span> <span class='ocrx_word' id='word_1_102' title='bbox 1209 989 1441 1050; x_wconf 86' lang='lat' dir='ltr'><strong>constitutiones</strong></span> <span class='ocrx_word' id='word_1_103' title='bbox 1458 984 1521 1044; x_wconf 90' lang='lat' dir='ltr'><strong>ilias</strong></span> <span class='ocrx_word' id='word_1_104' title='bbox 1534 981 1624 1054; x_wconf 82' lang='lat' dir='ltr'><strong>dedit,</strong></span> <span class='ocrx_word' id='word_1_105' title='bbox 1641 978 1703 1039; x_wconf 90' lang='lat' dir='ltr'><strong>sori·</strong></span> 
     </span>
     <span class='ocr_line' id='line_1_11' title="bbox 242 1077 1705 1169; baseline -0.016 -15"><span class='ocrx_word' id='word_1_106' title='bbox 242 1089 353 1169; x_wconf 80' lang='grc'><strong>444444,</strong></span> <span class='ocrx_word' id='word_1_107' title='bbox 375 1089 505 1169; x_wconf 82' lang='lat' dir='ltr'><strong>ejusque</strong></span> <span class='ocrx_word' id='word_1_108' title='bbox 533 1095 622 1164; x_wconf 88' lang='lat' dir='ltr'><strong>acta,</strong></span> <span class='ocrx_word' id='word_1_109' title='bbox 646 1097 725 1150; x_wconf 88' lang='lat' dir='ltr'><strong>teste</strong></span> <span class='ocrx_word' id='word_1_110' title='bbox 746 1089 876 1150; x_wconf 81' lang='lat' dir='ltr'><strong>lieberto</strong></span> <span class='ocrx_word' id='word_1_111' title='bbox 900 1089 967 1148; x_wconf 88' lang='lat' dir='ltr'><strong>Tal—</strong></span> <span class='ocrx_word' id='word_1_112' title='bbox 1020 1089 1120 1150; x_wconf 90' lang='lat' dir='ltr'><strong>batur.</strong></span> <span class='ocrx_word' id='word_1_113' title='bbox 1142 1083 1175 1144; x_wconf 90' lang='lat' dir='ltr'><strong>ld</strong></span> <span class='ocrx_word' id='word_1_114' title='bbox 1196 1099 1268 1144; x_wconf 86' lang='lat' dir='ltr'><strong>voro</strong></span> <span class='ocrx_word' id='word_1_115' title='bbox 1286 1080 1402 1142; x_wconf 89' lang='lat' dir='ltr'><strong>nonnisi</strong></span> <span class='ocrx_word' id='word_1_116' title='bbox 1423 1077 1524 1138; x_wconf 82' lang='lat' dir='ltr'><strong>loanni</strong></span> <span class='ocrx_word' id='word_1_117' title='bbox 1542 1081 1705 1136; x_wconf 88' lang='lat' dir='ltr'><strong>castrocen-</strong></span> 
     </span>
     <span class='ocr_line' id='line_1_12' title="bbox 241 1167 1706 1262; baseline -0.016 -16"><span class='ocrx_word' id='word_1_118' title='bbox 241 1185 311 1246; x_wconf 92' lang='lat' dir='ltr'><strong>boto</strong></span> <span class='ocrx_word' id='word_1_119' title='bbox 332 1185 531 1262; x_wconf 91' lang='lat' dir='ltr'><strong>conscripsit,</strong></span> <span class='ocrx_word' id='word_1_120' title='bbox 553 1189 765 1262; x_wconf 86' lang='lat' dir='ltr'><strong>acpraeterea</strong></span> <span class='ocrx_word' id='word_1_121' title='bbox 785 1183 968 1262; x_wconf 83' lang='lat' dir='ltr'><strong>Disputatio-</strong></span> <span class='ocrx_word' id='word_1_122' title='bbox 1021 1179 1111 1260; x_wconf 87' lang='lat' dir='ltr'><strong>gruit.</strong></span> <span class='ocrx_word' id='word_1_123' title='bbox 1146 1176 1192 1237; x_wconf 82' lang='lat' dir='ltr'><strong>Ad</strong></span> <span class='ocrx_word' id='word_1_124' title='bbox 1223 1173 1363 1235; x_wconf 85' lang='lat' dir='ltr'><strong>eumdem</strong></span> <span class='ocrx_word' id='word_1_125' title='bbox 1393 1187 1440 1232; x_wconf 93' lang='grc'><strong>44.</strong></span> <span class='ocrx_word' id='word_1_126' title='bbox 1472 1169 1556 1230; x_wconf 88' lang='grc'><strong>4344.</strong></span> <span class='ocrx_word' id='word_1_127' title='bbox 1584 1167 1706 1244; x_wconf 84' lang='lat' dir='ltr'><strong>leguntur</strong></span> 
     </span>
     <span class='ocr_line' id='line_1_13' title="bbox 241 1257 1707 1357; baseline -0.016 -18"><span class='ocrx_word' id='word_1_128' title='bbox 241 1295 294 1338; x_wconf 84' lang='lat' dir='ltr'><strong>aas</strong></span> <span class='ocrx_word' id='word_1_129' title='bbox 306 1275 462 1352; x_wconf 84' lang='lat' dir='ltr'><strong>solennes,</strong></span> <span class='ocrx_word' id='word_1_130' title='bbox 475 1283 505 1338; x_wconf 88' lang='lat' dir='ltr'><strong>et</strong></span> <span class='ocrx_word' id='word_1_131' title='bbox 519 1275 709 1340; x_wconf 83' lang='lat' dir='ltr'><strong>Goilectr&#39;ouee</strong></span> <span class='ocrx_word' id='word_1_132' title='bbox 727 1279 844 1352; x_wconf 90' lang='lat' dir='ltr'><strong>varias,</strong></span> <span class='ocrx_word' id='word_1_133' title='bbox 857 1278 886 1337; x_wconf 93' lang='lat' dir='ltr'><strong>io</strong></span> <span class='ocrx_word' id='word_1_134' title='bbox 901 1279 967 1357; x_wconf 76' lang='lat' dir='ltr'><strong>qui·</strong></span> <span class='ocrx_word' id='word_1_135' title='bbox 1021 1267 1349 1336; x_wconf 73' lang='lat' dir='ltr'><strong>excommunicationes</strong></span> <span class='ocrx_word' id='word_1_136' title='bbox 1366 1266 1442 1326; x_wconf 92' lang='grc'><strong>44444</strong></span> <span class='ocrx_word' id='word_1_137' title='bbox 1452 1267 1553 1324; x_wconf 89' lang='lat' dir='ltr'><strong>contra</strong></span> <span class='ocrx_word' id='word_1_138' title='bbox 1568 1257 1707 1320; x_wconf 87' lang='lat' dir='ltr'><strong>nonnullos</strong></span> 
     </span>
     <span class='ocr_line' id='line_1_14' title="bbox 241 1345 1709 1448; baseline -0.017 -16"><span class='ocrx_word' id='word_1_139' title='bbox 241 1371 300 1432; x_wconf 92' lang='lat' dir='ltr'><strong>bus</strong></span> <span class='ocrx_word' id='word_1_140' title='bbox 317 1374 408 1432; x_wconf 89' lang='grc'><strong>444444</strong></span> <span class='ocrx_word' id='word_1_141' title='bbox 428 1373 595 1432; x_wconf 86' lang='grc'><strong>4444444444</strong></span> <span class='ocrx_word' id='word_1_142' title='bbox 611 1377 677 1434; x_wconf 88' lang='grc'><strong>4444</strong></span> <span class='ocrx_word' id='word_1_143' title='bbox 695 1377 725 1432; x_wconf 88' lang='grc'><strong>44</strong></span> <span class='ocrx_word' id='word_1_144' title='bbox 743 1373 854 1448; x_wconf 91' lang='lat' dir='ltr'><strong>scripta</strong></span> <span class='ocrx_word' id='word_1_145' title='bbox 875 1388 968 1448; x_wconf 75' lang='lat' dir='ltr'><strong>qaae</strong></span> <span class='ocrx_word' id='word_1_146' title='bbox 1022 1385 1080 1430; x_wconf 90' lang='lat' dir='ltr'><strong>rer.</strong></span> <span class='ocrx_word' id='word_1_147' title='bbox 1094 1377 1249 1426; x_wconf 89' lang='lat' dir='ltr'><strong>sacrarum</strong></span> <span class='ocrx_word' id='word_1_148' title='bbox 1271 1359 1430 1418; x_wconf 88' lang='lat' dir='ltr'><strong>violatores</strong></span> <span class='ocrx_word' id='word_1_149' title='bbox 1450 1357 1478 1414; x_wconf 91' lang='grc'><strong>44</strong></span> <span class='ocrx_word' id='word_1_150' title='bbox 1499 1345 1626 1414; x_wconf 80' lang='lat' dir='ltr'><strong>Ecclesia</strong></span> <span class='ocrx_word' id='word_1_151' title='bbox 1647 1350 1709 1410; x_wconf 86' lang='lat' dir='ltr'><strong>Can·</strong></span> 
     </span>
     <span class='ocr_line' id='line_1_15' title="bbox 243 1445 1708 1528; baseline -0.018 -4"><span class='ocrx_word' id='word_1_152' title='bbox 243 1463 313 1524; x_wconf 91' lang='lat' dir='ltr'><strong>dam</strong></span> <span class='ocrx_word' id='word_1_153' title='bbox 321 1463 442 1526; x_wconf 83' lang='lat' dir='ltr'><strong>Aontss</strong></span> <span class='ocrx_word' id='word_1_154' title='bbox 452 1465 560 1526; x_wconf 84' lang='lat' dir='ltr'><strong>Eatoni</strong></span> <span class='ocrx_word' id='word_1_155' title='bbox 570 1464 831 1528; x_wconf 78' lang='lat' dir='ltr'><strong>cardinalisvide</strong></span> <span class='ocrx_word' id='word_1_156' title='bbox 842 1465 965 1526; x_wconf 86' lang='lat' dir='ltr'><strong>Balaam</strong></span> <span class='ocrx_word' id='word_1_157' title='bbox 1022 1458 1179 1522; x_wconf 88' lang='grc'><strong>444444444.</strong></span> <span class='ocrx_word' id='word_1_158' title='bbox 1196 1454 1253 1517; x_wconf 77' lang='lat' dir='ltr'><strong>dn.</strong></span> <span class='ocrx_word' id='word_1_159' title='bbox 1276 1451 1354 1526; x_wconf 85' lang='grc'><strong>4342</strong></span> <span class='ocrx_word' id='word_1_160' title='bbox 1374 1447 1549 1510; x_wconf 77' lang='lat' dir='ltr'><strong>exhibentur</strong></span> <span class='ocrx_word' id='word_1_161' title='bbox 1567 1445 1708 1506; x_wconf 76' lang='lat' dir='ltr'><strong>sancet</strong></span> 
     </span>
     <span class='ocr_line' id='line_1_16' title="bbox 243 1535 1711 1637; baseline -0.02 -17"><span class='ocrx_word' id='word_1_162' title='bbox 243 1559 366 1620; x_wconf 83' lang='lat' dir='ltr'><strong>x1.rt.</strong></span> <span class='ocrx_word' id='word_1_163' title='bbox 389 1565 420 1619; x_wconf 91' lang='grc'><strong>44</strong></span> <span class='ocrx_word' id='word_1_164' title='bbox 438 1561 571 1620; x_wconf 88' lang='lat' dir='ltr'><strong>Pitseum</strong></span> <span class='ocrx_word' id='word_1_165' title='bbox 593 1575 661 1637; x_wconf 85' lang='lat' dir='ltr'><strong>pag.</strong></span> <span class='ocrx_word' id='word_1_166' title='bbox 683 1558 752 1623; x_wconf 88' lang='grc'><strong>628.</strong></span> <span class='ocrx_word' id='word_1_167' title='bbox 1021 1551 1222 1614; x_wconf 82' lang='lat' dir='ltr'><strong>ordinationes</strong></span> <span class='ocrx_word' id='word_1_168' title='bbox 1233 1537 1517 1621; x_wconf 74' lang='lat' dir='ltr'><strong>loannisStratsord</strong></span> <span class='ocrx_word' id='word_1_169' title='bbox 1525 1555 1579 1619; x_wconf 89' lang='lat' dir='ltr'><strong>pro</strong></span> <span class='ocrx_word' id='word_1_170' title='bbox 1595 1535 1662 1596; x_wconf 90' lang='lat' dir='ltr'><strong>bona</strong></span> <span class='ocrx_word' id='word_1_171' title='bbox 1671 1549 1711 1592; x_wconf 86' lang='lat' dir='ltr'><strong>re·</strong></span> 
     </span>
     <span class='ocr_line' id='line_1_17' title="bbox 282 1628 1710 1731; baseline -0.02 -18"><span class='ocrx_word' id='word_1_172' title='bbox 282 1650 455 1714; x_wconf 80' lang='lat' dir='ltr'><strong>lOANNES</strong></span> <span class='ocrx_word' id='word_1_173' title='bbox 468 1649 662 1730; x_wconf 81' lang='lat' dir='ltr'><strong>Stratsordns</strong></span> <span class='ocrx_word' id='word_1_174' title='bbox 672 1669 711 1712; x_wconf 82' lang='lat' dir='ltr'><strong>ex</strong></span> <span class='ocrx_word' id='word_1_175' title='bbox 720 1652 867 1731; x_wconf 88' lang='lat' dir='ltr'><strong>Episcopo</strong></span> <span class='ocrx_word' id='word_1_176' title='bbox 882 1653 967 1712; x_wconf 89' lang='lat' dir='ltr'><strong>Wio-</strong></span> <span class='ocrx_word' id='word_1_177' title='bbox 1018 1645 1129 1727; x_wconf 83' lang='lat' dir='ltr'><strong>pimine</strong></span> <span class='ocrx_word' id='word_1_178' title='bbox 1154 1641 1258 1706; x_wconf 84' lang='grc'><strong>4444444</strong></span> <span class='ocrx_word' id='word_1_179' title='bbox 1278 1655 1351 1700; x_wconf 87' lang='lat' dir='ltr'><strong>suae</strong></span> <span class='ocrx_word' id='word_1_180' title='bbox 1372 1632 1594 1700; x_wconf 74' lang='lat' dir='ltr'><strong>cantuarienses</strong></span> <span class='ocrx_word' id='word_1_181' title='bbox 1613 1628 1646 1688; x_wconf 86' lang='lat' dir='ltr'><strong>de</strong></span> <span class='ocrx_word' id='word_1_182' title='bbox 1670 1644 1710 1686; x_wconf 90' lang='lat' dir='ltr'><strong>ar·</strong></span> 
     </span>
     <span class='ocr_line' id='line_1_18' title="bbox 244 1718 1709 1824; baseline -0.016 -21"><span class='ocrx_word' id='word_1_183' title='bbox 244 1745 374 1806; x_wconf 85' lang='grc'><strong>44444444</strong></span> <span class='ocrx_word' id='word_1_184' title='bbox 406 1745 659 1824; x_wconf 71' lang='lat' dir='ltr'><strong>archiepiscopus</strong></span> <span class='ocrx_word' id='word_1_185' title='bbox 680 1746 908 1809; x_wconf 86' lang='lat' dir='ltr'><strong>Cantaarieosis</strong></span> <span class='ocrx_word' id='word_1_186' title='bbox 929 1745 967 1807; x_wconf 94' lang='lat' dir='ltr'><strong>ab</strong></span> <span class='ocrx_word' id='word_1_187' title='bbox 1021 1737 1116 1802; x_wconf 82' lang='lat' dir='ltr'><strong>cubus</strong></span> <span class='ocrx_word' id='word_1_188' title='bbox 1134 1739 1259 1800; x_wconf 83' lang='lat' dir='ltr'><strong>uocatae</strong></span> <span class='ocrx_word' id='word_1_189' title='bbox 1279 1730 1374 1794; x_wconf 86' lang='lat' dir='ltr'><strong>editae</strong></span> <span class='ocrx_word' id='word_1_190' title='bbox 1390 1723 1611 1809; x_wconf 78' lang='lat' dir='ltr'><strong>optandaue</strong></span> <span class='ocrx_word' id='word_1_191' title='bbox 1635 1718 1709 1784; x_wconf 78' lang='grc'><strong>444.</strong></span> 
     </span>
     <span class='ocr_line' id='line_1_19' title="bbox 244 1817 1711 1902; baseline -0.018 -4"><span class='ocrx_word' id='word_1_192' title='bbox 244 1855 292 1898; x_wconf 89' lang='lat' dir='ltr'><strong>an.</strong></span> <span class='ocrx_word' id='word_1_193' title='bbox 313 1839 399 1902; x_wconf 91' lang='grc'><strong>4333.</strong></span> <span class='ocrx_word' id='word_1_194' title='bbox 417 1838 454 1900; x_wconf 89' lang='grc'><strong>44</strong></span> <span class='ocrx_word' id='word_1_195' title='bbox 478 1840 564 1902; x_wconf 92' lang='grc'><strong>4348.</strong></span> <span class='ocrx_word' id='word_1_196' title='bbox 583 1839 656 1901; x_wconf 89' lang='lat' dir='ltr'><strong>Vide</strong></span> <span class='ocrx_word' id='word_1_197' title='bbox 677 1841 713 1900; x_wconf 90' lang='lat' dir='ltr'><strong>ll.</strong></span> <span class='ocrx_word' id='word_1_198' title='bbox 733 1839 888 1902; x_wconf 89' lang='lat' dir='ltr'><strong>Warthoni</strong></span> <span class='ocrx_word' id='word_1_199' title='bbox 906 1838 968 1902; x_wconf 79' lang='lat' dir='ltr'><strong>An·</strong></span> <span class='ocrx_word' id='word_1_200' title='bbox 1022 1830 1110 1896; x_wconf 85' lang='lat' dir='ltr'><strong>Maii.</strong></span> <span class='ocrx_word' id='word_1_201' title='bbox 1124 1831 1252 1890; x_wconf 88' lang='lat' dir='ltr'><strong>Demum</strong></span> <span class='ocrx_word' id='word_1_202' title='bbox 1273 1823 1379 1886; x_wconf 88' lang='lat' dir='ltr'><strong>eodem</strong></span> <span class='ocrx_word' id='word_1_203' title='bbox 1396 1823 1453 1883; x_wconf 86' lang='lat' dir='ltr'><strong>Ao.</strong></span> <span class='ocrx_word' id='word_1_204' title='bbox 1472 1821 1556 1882; x_wconf 90' lang='grc'><strong>4342.</strong></span> <span class='ocrx_word' id='word_1_205' title='bbox 1575 1817 1711 1893; x_wconf 82' lang='lat' dir='ltr'><strong>assignan-</strong></span> 
     </span>
     <span class='ocr_line' id='line_1_20' title="bbox 244 1905 1709 2012; baseline -0.021 -17"><span class='ocrx_word' id='word_1_206' title='bbox 244 1934 337 2010; x_wconf 86' lang='lat' dir='ltr'><strong>gliam</strong></span> <span class='ocrx_word' id='word_1_207' title='bbox 368 1949 485 1994; x_wconf 85' lang='lat' dir='ltr'><strong>sacram</strong></span> <span class='ocrx_word' id='word_1_208' title='bbox 514 1940 587 1996; x_wconf 88' lang='grc'><strong>4444.</strong></span> <span class='ocrx_word' id='word_1_209' title='bbox 617 1937 643 1994; x_wconf 92' lang='grc'><strong>4.</strong></span> <span class='ocrx_word' id='word_1_210' title='bbox 667 1951 732 2012; x_wconf 86' lang='lat' dir='ltr'><strong>pag.</strong></span> <span class='ocrx_word' id='word_1_211' title='bbox 756 1935 822 1998; x_wconf 89' lang='grc'><strong>448.</strong></span> <span class='ocrx_word' id='word_1_212' title='bbox 851 1935 967 2012; x_wconf 86' lang='lat' dir='ltr'><strong>Scripta</strong></span> <span class='ocrx_word' id='word_1_213' title='bbox 1023 1931 1073 1986; x_wconf 92' lang='lat' dir='ltr'><strong>tur</strong></span> <span class='ocrx_word' id='word_1_214' title='bbox 1104 1920 1336 1983; x_wconf 86' lang='lat' dir='ltr'><strong>constitutiones</strong></span> <span class='ocrx_word' id='word_1_215' title='bbox 1370 1913 1562 1994; x_wconf 88' lang='lat' dir='ltr'><strong>provinciales</strong></span> <span class='ocrx_word' id='word_1_216' title='bbox 1580 1905 1709 1986; x_wconf 30' lang='lat' dir='ltr'><strong>,eiusdem</strong></span> 
     </span>
     <span class='ocr_line' id='line_1_21' title="bbox 246 1997 1710 2104; baseline -0.023 -17"><span class='ocrx_word' id='word_1_217' title='bbox 246 2025 313 2103; x_wconf 86' lang='lat' dir='ltr'><strong>ejus</strong></span> <span class='ocrx_word' id='word_1_218' title='bbox 331 2043 368 2088; x_wconf 84' lang='grc'><strong>44</strong></span> <span class='ocrx_word' id='word_1_219' title='bbox 388 2025 503 2088; x_wconf 86' lang='lat' dir='ltr'><strong>Tboma</strong></span> <span class='ocrx_word' id='word_1_220' title='bbox 525 2025 754 2104; x_wconf 83' lang='lat' dir='ltr'><strong>Walsinghamo</strong></span> <span class='ocrx_word' id='word_1_221' title='bbox 771 2033 802 2086; x_wconf 87' lang='lat' dir='ltr'><strong>et</strong></span> <span class='ocrx_word' id='word_1_222' title='bbox 819 2027 968 2089; x_wconf 68' lang='lat' dir='ltr'><strong>Guilelmus</strong></span> <span class='ocrx_word' id='word_1_223' title='bbox 1022 2013 1244 2092; x_wconf 73' lang='lat' dir='ltr'><strong>archiepiscopi</strong></span> <span class='ocrx_word' id='word_1_224' title='bbox 1275 2009 1372 2070; x_wconf 90' lang='lat' dir='ltr'><strong>editae</strong></span> <span class='ocrx_word' id='word_1_225' title='bbox 1392 2009 1423 2068; x_wconf 93' lang='lat' dir='ltr'><strong>in</strong></span> <span class='ocrx_word' id='word_1_226' title='bbox 1443 2006 1532 2066; x_wconf 88' lang='lat' dir='ltr'><strong>Ccoc.</strong></span> <span class='ocrx_word' id='word_1_227' title='bbox 1553 1997 1710 2063; x_wconf 83' lang='lat' dir='ltr'><strong>Provinciali</strong></span> 
     </span>
     <span class='ocr_line' id='line_1_22' title="bbox 245 2091 1711 2199; baseline -0.019 -21"><span class='ocrx_word' id='word_1_228' title='bbox 245 2119 389 2180; x_wconf 89' lang='lat' dir='ltr'><strong>Linwodo</strong></span> <span class='ocrx_word' id='word_1_229' title='bbox 406 2119 551 2198; x_wconf 88' lang='lat' dir='ltr'><strong>colligens</strong></span> <span class='ocrx_word' id='word_1_230' title='bbox 572 2121 690 2182; x_wconf 83' lang='lat' dir='ltr'><strong>Pitsecs</strong></span> <span class='ocrx_word' id='word_1_231' title='bbox 711 2138 740 2199; x_wconf 94' lang='lat' dir='ltr'><strong>p.</strong></span> <span class='ocrx_word' id='word_1_232' title='bbox 764 2121 831 2181; x_wconf 87' lang='grc'><strong>460.</strong></span> <span class='ocrx_word' id='word_1_233' title='bbox 849 2127 969 2199; x_wconf 83' lang='lat' dir='ltr'><strong>praeter</strong></span> <span class='ocrx_word' id='word_1_234' title='bbox 1025 2107 1262 2172; x_wconf 78' lang='lat' dir='ltr'><strong>cantuariensi..</strong></span> <span class='ocrx_word' id='word_1_235' title='bbox 1277 2107 1365 2166; x_wconf 87' lang='lat' dir='ltr'><strong>Porro</strong></span> <span class='ocrx_word' id='word_1_236' title='bbox 1386 2103 1461 2162; x_wconf 88' lang='lat' dir='ltr'><strong>istae</strong></span> <span class='ocrx_word' id='word_1_237' title='bbox 1480 2113 1581 2160; x_wconf 86' lang='lat' dir='ltr'><strong>omnes</strong></span> <span class='ocrx_word' id='word_1_238' title='bbox 1608 2091 1711 2156; x_wconf 79' lang='lat' dir='ltr'><strong>Consti</strong></span> 
     </span>
     <span class='ocr_line' id='line_1_23' title="bbox 246 2189 1714 2292; baseline -0.019 -20"><span class='ocrx_word' id='word_1_239' title='bbox 246 2212 472 2275; x_wconf 83' lang='lat' dir='ltr'><strong>controuersias</strong></span> <span class='ocrx_word' id='word_1_240' title='bbox 493 2229 560 2274; x_wconf 84' lang='grc'><strong>44444</strong></span> <span class='ocrx_word' id='word_1_241' title='bbox 582 2213 658 2292; x_wconf 64' lang='lat' dir='ltr'><strong>lime</strong></span> <span class='ocrx_word' id='word_1_242' title='bbox 678 2211 820 2275; x_wconf 87' lang='lat' dir='ltr'><strong>Eduardo</strong></span> <span class='ocrx_word' id='word_1_243' title='bbox 840 2213 890 2272; x_wconf 94' lang='grc'><strong>444.</strong></span> <span class='ocrx_word' id='word_1_244' title='bbox 909 2227 971 2274; x_wconf 90' lang='lat' dir='ltr'><strong>me-</strong></span> <span class='ocrx_word' id='word_1_245' title='bbox 1025 2204 1161 2265; x_wconf 83' lang='lat' dir='ltr'><strong>tationes</strong></span> <span class='ocrx_word' id='word_1_246' title='bbox 1177 2197 1423 2262; x_wconf 87' lang='lat' dir='ltr'><strong>multudiversae</strong></span> <span class='ocrx_word' id='word_1_247' title='bbox 1438 2190 1560 2254; x_wconf 87' lang='lat' dir='ltr'><strong>suntab</strong></span> <span class='ocrx_word' id='word_1_248' title='bbox 1577 2189 1631 2263; x_wconf 91' lang='lat' dir='ltr'><strong>iis,</strong></span> <span class='ocrx_word' id='word_1_249' title='bbox 1650 2198 1714 2263; x_wconf 84' lang='lat' dir='ltr'><strong>quas</strong></span> 
     </span>
     <span class='ocr_line' id='line_1_24' title="bbox 246 2281 1555 2386; baseline -0.021 -18"><span class='ocrx_word' id='word_1_250' title='bbox 246 2312 343 2368; x_wconf 91' lang='grc'><strong>444444</strong></span> <span class='ocrx_word' id='word_1_251' title='bbox 362 2308 489 2368; x_wconf 84' lang='lat' dir='ltr'><strong>Decreta</strong></span> <span class='ocrx_word' id='word_1_252' title='bbox 505 2305 664 2386; x_wconf 77' lang='lat' dir='ltr'><strong>synodalia</strong></span> <span class='ocrx_word' id='word_1_253' title='bbox 683 2308 695 2369; x_wconf 92' lang='grc'><strong>4</strong></span> <span class='ocrx_word' id='word_1_254' title='bbox 702 2349 710 2364; x_wconf 92' lang='grc'><strong>.</strong></span> <span class='ocrx_word' id='word_1_255' title='bbox 727 2305 766 2366; x_wconf 90' lang='lat' dir='ltr'><strong>de</strong></span> <span class='ocrx_word' id='word_1_256' title='bbox 779 2307 970 2368; x_wconf 91' lang='lat' dir='ltr'><strong>constitutio-</strong></span> <span class='ocrx_word' id='word_1_257' title='bbox 1025 2313 1063 2358; x_wconf 85' lang='lat' dir='ltr'><strong>ex</strong></span> <span class='ocrx_word' id='word_1_258' title='bbox 1086 2296 1184 2358; x_wconf 85' lang='lat' dir='ltr'><strong>Pitsco</strong></span> <span class='ocrx_word' id='word_1_259' title='bbox 1198 2281 1350 2354; x_wconf 83' lang='lat' dir='ltr'><strong>Fabricius</strong></span> <span class='ocrx_word' id='word_1_260' title='bbox 1371 2288 1419 2348; x_wconf 91' lang='lat' dir='ltr'><strong>bic</strong></span> <span class='ocrx_word' id='word_1_261' title='bbox 1439 2284 1555 2346; x_wconf 91' lang='lat' dir='ltr'><strong>indicat.</strong></span> 
     </span>
     <span class='ocr_line' id='line_1_25' title="bbox 246 2367 1713 2478; baseline -0.022 -18"><span class='ocrx_word' id='word_1_262' title='bbox 246 2401 356 2476; x_wconf 82' lang='lat' dir='ltr'><strong>nibus,</strong></span> <span class='ocrx_word' id='word_1_263' title='bbox 377 2402 406 2462; x_wconf 88' lang='grc'><strong>2.</strong></span> <span class='ocrx_word' id='word_1_264' title='bbox 428 2399 628 2477; x_wconf 78' lang='lat' dir='ltr'><strong>dejectoris,</strong></span> <span class='ocrx_word' id='word_1_265' title='bbox 649 2403 677 2462; x_wconf 89' lang='grc'><strong>3.</strong></span> <span class='ocrx_word' id='word_1_266' title='bbox 700 2399 737 2461; x_wconf 90' lang='grc'><strong>44</strong></span> <span class='ocrx_word' id='word_1_267' title='bbox 760 2402 822 2461; x_wconf 87' lang='lat' dir='ltr'><strong>loro</strong></span> <span class='ocrx_word' id='word_1_268' title='bbox 848 2416 968 2478; x_wconf 90' lang='lat' dir='ltr'><strong>compe-</strong></span> <span class='ocrx_word' id='word_1_269' title='bbox 1065 2375 1661 2462; x_wconf 70' lang='lat' dir='ltr'><strong>JOANNESStrinpariusaugustinianas</strong></span> <span class='ocrx_word' id='word_1_270' title='bbox 1673 2367 1713 2446; x_wconf 82' lang='lat' dir='ltr'><strong>qd</strong></span> 
     </span>
     <span class='ocr_line' id='line_1_26' title="bbox 247 2461 1715 2572; baseline -0.023 -18"><span class='ocrx_word' id='word_1_271' title='bbox 247 2493 385 2570; x_wconf 84' lang='lat' dir='ltr'><strong>tentt,t.</strong></span> <span class='ocrx_word' id='word_1_272' title='bbox 404 2493 969 2572; x_wconf 84' lang='lat' dir='ltr'><strong>desequestratione.possessionum‚</strong></span> <span class='ocrx_word' id='word_1_273' title='bbox 1026 2501 1075 2546; x_wconf 89' lang='grc'><strong>44.</strong></span> <span class='ocrx_word' id='word_1_274' title='bbox 1109 2480 1197 2542; x_wconf 86' lang='grc'><strong>4434.</strong></span> <span class='ocrx_word' id='word_1_275' title='bbox 1230 2476 1361 2540; x_wconf 87' lang='lat' dir='ltr'><strong>Concilio</strong></span> <span class='ocrx_word' id='word_1_276' title='bbox 1391 2461 1715 2555; x_wconf 75' lang='lat' dir='ltr'><strong>Florentinoioterioit,</strong></span> 
     </span>
     <span class='ocr_line' id='line_1_27' title="bbox 246 2561 1716 2660; baseline -0.026 -10"><span class='ocrx_word' id='word_1_277' title='bbox 246 2589 275 2650; x_wconf 82' lang='grc'><strong>5.</strong></span> <span class='ocrx_word' id='word_1_278' title='bbox 293 2587 330 2650; x_wconf 89' lang='grc'><strong>44</strong></span> <span class='ocrx_word' id='word_1_279' title='bbox 348 2590 415 2649; x_wconf 88' lang='lat' dir='ltr'><strong>vita</strong></span> <span class='ocrx_word' id='word_1_280' title='bbox 428 2594 460 2651; x_wconf 88' lang='lat' dir='ltr'><strong>et</strong></span> <span class='ocrx_word' id='word_1_281' title='bbox 481 2587 640 2648; x_wconf 87' lang='grc'><strong>4444444444</strong></span> <span class='ocrx_word' id='word_1_282' title='bbox 661 2587 868 2660; x_wconf 86' lang='lat' dir='ltr'><strong>Clericorum,</strong></span> <span class='ocrx_word' id='word_1_283' title='bbox 887 2587 915 2646; x_wconf 87' lang='grc'><strong>6.</strong></span> <span class='ocrx_word' id='word_1_284' title='bbox 933 2585 971 2648; x_wconf 81' lang='lat' dir='ltr'><strong>de</strong></span> <span class='ocrx_word' id='word_1_285' title='bbox 1026 2575 1147 2653; x_wconf 90' lang='lat' dir='ltr'><strong>scripsit</strong></span> <span class='ocrx_word' id='word_1_286' title='bbox 1165 2571 1196 2632; x_wconf 87' lang='lat' dir='ltr'><strong>in</strong></span> <span class='ocrx_word' id='word_1_287' title='bbox 1212 2571 1262 2632; x_wconf 84' lang='lat' dir='ltr'><strong>IV.</strong></span> <span class='ocrx_word' id='word_1_288' title='bbox 1280 2563 1374 2628; x_wconf 85' lang='lat' dir='ltr'><strong>libros</strong></span> <span class='ocrx_word' id='word_1_289' title='bbox 1389 2561 1618 2631; x_wconf 77' lang='lat' dir='ltr'><strong>sententiantes,</strong></span> <span class='ocrx_word' id='word_1_290' title='bbox 1634 2566 1716 2630; x_wconf 79' lang='lat' dir='ltr'><strong>neum</strong></span> 
     </span>
     <span class='ocr_line' id='line_1_28' title="bbox 247 2645 1715 2756; baseline -0.027 -14"><span class='ocrx_word' id='word_1_291' title='bbox 247 2681 378 2742; x_wconf 81' lang='lat' dir='ltr'><strong>Clericis&#39;</strong></span> <span class='ocrx_word' id='word_1_292' title='bbox 390 2699 449 2742; x_wconf 91' lang='lat' dir='ltr'><strong>oon</strong></span> <span class='ocrx_word' id='word_1_293' title='bbox 469 2680 693 2756; x_wconf 86' lang='lat' dir='ltr'><strong>residentibus,</strong></span> <span class='ocrx_word' id='word_1_294' title='bbox 711 2680 740 2742; x_wconf 90' lang='grc'><strong>7.</strong></span> <span class='ocrx_word' id='word_1_295' title='bbox 753 2679 791 2742; x_wconf 87' lang='grc'><strong>44</strong></span> <span class='ocrx_word' id='word_1_296' title='bbox 809 2681 972 2742; x_wconf 87' lang='grc'><strong>4444444444-</strong></span> <span class='ocrx_word' id='word_1_297' title='bbox 1027 2671 1189 2752; x_wconf 83' lang='lat' dir='ltr'><strong>quicquam</strong></span> <span class='ocrx_word' id='word_1_298' title='bbox 1219 2663 1286 2742; x_wconf 87' lang='lat' dir='ltr'><strong>ejus</strong></span> <span class='ocrx_word' id='word_1_299' title='bbox 1307 2665 1460 2739; x_wconf 79' lang='lat' dir='ltr'><strong>practerea</strong></span> <span class='ocrx_word' id='word_1_300' title='bbox 1479 2655 1602 2740; x_wconf 83' lang='grc'><strong>44444444</strong></span> <span class='ocrx_word' id='word_1_301' title='bbox 1621 2666 1636 2710; x_wconf 89' lang='grc'><strong>4</strong></span> <span class='ocrx_word' id='word_1_302' title='bbox 1663 2645 1715 2706; x_wconf 85' lang='lat' dir='ltr'><strong>Phi·</strong></span> 
     </span>
     <span class='ocr_line' id='line_1_29' title="bbox 247 2741 1714 2852; baseline -0.027 -18"><span class='ocrx_word' id='word_1_303' title='bbox 247 2773 359 2850; x_wconf 90' lang='lat' dir='ltr'><strong>nibus,</strong></span> <span class='ocrx_word' id='word_1_304' title='bbox 382 2776 410 2836; x_wconf 92' lang='grc'><strong>8.</strong></span> <span class='ocrx_word' id='word_1_305' title='bbox 432 2774 470 2836; x_wconf 90' lang='grc'><strong>44</strong></span> <span class='ocrx_word' id='word_1_306' title='bbox 491 2775 687 2835; x_wconf 88' lang='lat' dir='ltr'><strong>concessione</strong></span> <span class='ocrx_word' id='word_1_307' title='bbox 713 2771 972 2852; x_wconf 88' lang='lat' dir='ltr'><strong>praebendarum,</strong></span> <span class='ocrx_word' id='word_1_308' title='bbox 1025 2763 1105 2840; x_wconf 89' lang='lat' dir='ltr'><strong>lippo</strong></span> <span class='ocrx_word' id='word_1_309' title='bbox 1124 2758 1224 2820; x_wconf 92' lang='lat' dir='ltr'><strong>Elssio</strong></span> <span class='ocrx_word' id='word_1_310' title='bbox 1240 2757 1270 2816; x_wconf 92' lang='lat' dir='ltr'><strong>in</strong></span> <span class='ocrx_word' id='word_1_311' title='bbox 1287 2751 1495 2814; x_wconf 88' lang='lat' dir='ltr'><strong>encomiasticc</strong></span> <span class='ocrx_word' id='word_1_312' title='bbox 1516 2741 1714 2824; x_wconf 81' lang='lat' dir='ltr'><strong>nugosttntaoo</strong></span> 
     </span>
     <span class='ocr_line' id='line_1_30' title="bbox 249 2853 1187 2944; baseline -0.005 -18"><span class='ocrx_word' id='word_1_313' title='bbox 249 2868 278 2928; x_wconf 81' lang='lat'><strong>9.</strong></span> <span class='ocrx_word' id='word_1_314' title='bbox 293 2867 331 2928; x_wconf 88' lang='grc'><strong>44</strong></span> <span class='ocrx_word' id='word_1_315' title='bbox 342 2869 442 2930; x_wconf 86' lang='grc'><strong>444444</strong></span> <span class='ocrx_word' id='word_1_316' title='bbox 458 2873 489 2928; x_wconf 90' lang='grc'><strong>44</strong></span> <span class='ocrx_word' id='word_1_317' title='bbox 507 2866 618 2944; x_wconf 84' lang='lat' dir='ltr'><strong>ducto,</strong></span> <span class='ocrx_word' id='word_1_318' title='bbox 634 2869 681 2929; x_wconf 90' lang='grc'><strong>40.</strong></span> <span class='ocrx_word' id='word_1_319' title='bbox 696 2865 735 2928; x_wconf 89' lang='grc'><strong>44</strong></span> <span class='ocrx_word' id='word_1_320' title='bbox 749 2866 972 2940; x_wconf 89' lang='lat' dir='ltr'><strong>donationibus,</strong></span> <span class='ocrx_word' id='word_1_321' title='bbox 1027 2873 1095 2935; x_wconf 72' lang='lat' dir='ltr'><strong>pag·</strong></span> <span class='ocrx_word' id='word_1_322' title='bbox 1116 2853 1187 2913; x_wconf 77' lang='grc'><strong>404·</strong></span> 
     </span>
     <span class='ocr_line' id='line_1_31' title="bbox 250 2922 1717 3040; baseline -0.007 -16"><span class='ocrx_word' id='word_1_323' title='bbox 250 2966 300 3025; x_wconf 90' lang='grc'><strong>44.</strong></span> <span class='ocrx_word' id='word_1_324' title='bbox 317 2962 356 3024; x_wconf 89' lang='grc'><strong>44</strong></span> <span class='ocrx_word' id='word_1_325' title='bbox 374 2964 586 3036; x_wconf 88' lang='lat' dir='ltr'><strong>testamentis,</strong></span> <span class='ocrx_word' id='word_1_326' title='bbox 612 2962 658 3024; x_wconf 89' lang='grc'><strong>42.</strong></span> <span class='ocrx_word' id='word_1_327' title='bbox 675 2960 714 3024; x_wconf 90' lang='lat' dir='ltr'><strong>de</strong></span> <span class='ocrx_word' id='word_1_328' title='bbox 731 2961 915 3040; x_wconf 90' lang='lat' dir='ltr'><strong>sepulturis,</strong></span> <span class='ocrx_word' id='word_1_329' title='bbox 935 2963 972 3022; x_wconf 88' lang='grc'><strong>43</strong></span> <span class='ocrx_word' id='word_1_330' title='bbox 1066 2942 1237 3010; x_wconf 72' lang='grc' dir='ltr'><strong>ῙΟᾹΝΝΕ8</strong></span> <span class='ocrx_word' id='word_1_331' title='bbox 1262 2937 1373 3020; x_wconf 63' lang='grc'><strong>34444444</strong></span> <span class='ocrx_word' id='word_1_332' title='bbox 1400 2939 1464 2998; x_wconf 64' lang='lat' dir='ltr'><strong>Sile</strong></span> <span class='ocrx_word' id='word_1_333' title='bbox 1489 2928 1654 3008; x_wconf 53' lang='grc'><strong>3444644444*</strong></span> <span class='ocrx_word' id='word_1_334' title='bbox 1668 2922 1717 2986; x_wconf 56' lang='grc' dir='ltr'><strong>ΑΠ’</strong></span> 
     </span>
    </p>
   </div>
   <div class='ocr_carea' id='block_1_3' title="bbox 249 3017 1718 3510">
    <p class='ocr_par' dir='ltr' id='par_1_3' title="bbox 249 3017 1718 3510">
     <span class='ocr_line' id='line_1_32' title="bbox 249 3017 1718 3131; baseline -0.03 -12"><span class='ocrx_word' id='word_1_335' title='bbox 249 3057 287 3118; x_wconf 90' lang='lat' dir='ltr'><strong>dc</strong></span> <span class='ocrx_word' id='word_1_336' title='bbox 302 3056 447 3131; x_wconf 89' lang='lat' dir='ltr'><strong>decimis,</strong></span> <span class='ocrx_word' id='word_1_337' title='bbox 463 3057 510 3115; x_wconf 88' lang='grc'><strong>44.</strong></span> <span class='ocrx_word' id='word_1_338' title='bbox 526 3054 563 3115; x_wconf 90' lang='lat' dir='ltr'><strong>de</strong></span> <span class='ocrx_word' id='word_1_339' title='bbox 575 3055 776 3116; x_wconf 89' lang='lat' dir='ltr'><strong>celebratione</strong></span> <span class='ocrx_word' id='word_1_340' title='bbox 789 3055 971 3130; x_wconf 86' lang='lat' dir='ltr'><strong>missarum,</strong></span> <span class='ocrx_word' id='word_1_341' title='bbox 1027 3041 1115 3120; x_wconf 84' lang='lat' dir='ltr'><strong>glus,</strong></span> <span class='ocrx_word' id='word_1_342' title='bbox 1132 3035 1342 3108; x_wconf 88' lang='lat' dir='ltr'><strong>Norvicensis,</strong></span> <span class='ocrx_word' id='word_1_343' title='bbox 1363 3027 1432 3093; x_wconf 89' lang='grc'><strong>044.</strong></span> <span class='ocrx_word' id='word_1_344' title='bbox 1454 3024 1559 3088; x_wconf 85' lang='lat' dir='ltr'><strong>Eened.</strong></span> <span class='ocrx_word' id='word_1_345' title='bbox 1575 3019 1661 3098; x_wconf 83' lang='lat' dir='ltr'><strong>cujus</strong></span> <span class='ocrx_word' id='word_1_346' title='bbox 1674 3017 1718 3116; x_wconf 68' lang='lat' dir='ltr'><strong>le</strong></span> 
     </span>
     <span class='ocr_line' id='line_1_33' title="bbox 251 3111 1715 3222; baseline -0.032 -10"><span class='ocrx_word' id='word_1_347' title='bbox 251 3154 298 3214; x_wconf 86' lang='lat' dir='ltr'><strong>t5.</strong></span> <span class='ocrx_word' id='word_1_348' title='bbox 319 3150 358 3212; x_wconf 91' lang='lat' dir='ltr'><strong>dc</strong></span> <span class='ocrx_word' id='word_1_349' title='bbox 378 3149 525 3212; x_wconf 86' lang='lat' dir='ltr'><strong>Ecclesiis</strong></span> <span class='ocrx_word' id='word_1_350' title='bbox 546 3147 761 3222; x_wconf 82' lang='lat' dir='ltr'><strong>aedificandis,</strong></span> <span class='ocrx_word' id='word_1_351' title='bbox 785 3149 833 3210; x_wconf 86' lang='grc'><strong>43.</strong></span> <span class='ocrx_word' id='word_1_352' title='bbox 854 3146 892 3209; x_wconf 76' lang='lat' dir='ltr'><strong>de</strong></span> <span class='ocrx_word' id='word_1_353' title='bbox 919 3148 974 3206; x_wconf 78' lang='lat' dir='ltr'><strong>im.</strong></span> <span class='ocrx_word' id='word_1_354' title='bbox 1027 3138 1144 3194; x_wconf 83' lang='lat' dir='ltr'><strong>ctorem</strong></span> <span class='ocrx_word' id='word_1_355' title='bbox 1160 3125 1399 3199; x_wconf 76' lang='lat' dir='ltr'><strong>Sententiarnm,</strong></span> <span class='ocrx_word' id='word_1_356' title='bbox 1415 3111 1715 3182; x_wconf 78' lang='lat' dir='ltr'><strong>connnnartosscn-</strong></span> 
     </span>
     <span class='ocr_line' id='line_1_34' title="bbox 251 3215 1717 3317; baseline -0.02 -11"><span class='ocrx_word' id='word_1_357' title='bbox 251 3247 400 3307; x_wconf 88' lang='lat' dir='ltr'><strong>munitate</strong></span> <span class='ocrx_word' id='word_1_358' title='bbox 430 3242 607 3317; x_wconf 87' lang='lat' dir='ltr'><strong>Ecclesiae,</strong></span> <span class='ocrx_word' id='word_1_359' title='bbox 640 3243 687 3305; x_wconf 87' lang='grc'><strong>47.</strong></span> <span class='ocrx_word' id='word_1_360' title='bbox 721 3241 759 3302; x_wconf 92' lang='grc'><strong>44</strong></span> <span class='ocrx_word' id='word_1_361' title='bbox 785 3241 974 3302; x_wconf 89' lang='lat' dir='ltr'><strong>clandestina</strong></span> <span class='ocrx_word' id='word_1_362' title='bbox 1024 3229 1158 3308; x_wconf 81' lang='lat' dir='ltr'><strong>prorae,</strong></span> <span class='ocrx_word' id='word_1_363' title='bbox 1180 3227 1210 3282; x_wconf 69' lang='grc'><strong>44</strong></span> <span class='ocrx_word' id='word_1_364' title='bbox 1228 3221 1384 3282; x_wconf 69' lang='grc'><strong>8440404444</strong></span> <span class='ocrx_word' id='word_1_365' title='bbox 1400 3231 1457 3294; x_wconf 70' lang='grc' dir='ltr'><strong>444Γ</strong></span> <span class='ocrx_word' id='word_1_366' title='bbox 1476 3225 1600 3280; x_wconf 62' lang='lat' dir='ltr'><strong>“immi</strong></span> <span class='ocrx_word' id='word_1_367' title='bbox 1620 3215 1717 3264; x_wconf 83' lang='lat' dir='ltr'><strong>meme</strong></span> 
     </span>
     <span class='ocr_line' id='line_1_35' title="bbox 250 3291 1715 3418; baseline -0.02 -18"><span class='ocrx_word' id='word_1_368' title='bbox 250 3339 501 3418; x_wconf 85' lang='lat' dir='ltr'><strong>desponsatione,</strong></span> <span class='ocrx_word' id='word_1_369' title='bbox 514 3339 551 3400; x_wconf 88' lang='grc'><strong>48</strong></span> <span class='ocrx_word' id='word_1_370' title='bbox 563 3335 601 3398; x_wconf 89' lang='grc'><strong>44</strong></span> <span class='ocrx_word' id='word_1_371' title='bbox 613 3338 790 3416; x_wconf 87' lang='lat' dir='ltr'><strong>purgatione</strong></span> <span class='ocrx_word' id='word_1_372' title='bbox 801 3336 972 3410; x_wconf 79' lang='lat' dir='ltr'><strong>canonica,</strong></span> <span class='ocrx_word' id='word_1_373' title='bbox 1027 3328 1096 3382; x_wconf 76' lang='grc'><strong>4444</strong></span> <span class='ocrx_word' id='word_1_374' title='bbox 1111 3317 1222 3388; x_wconf 75' lang='lat' dir='ltr'><strong>pateus</strong></span> <span class='ocrx_word' id='word_1_375' title='bbox 1243 3314 1308 3374; x_wconf 80' lang='grc' dir='ltr'><strong>ΧΠ·</strong></span> <span class='ocrx_word' id='word_1_376' title='bbox 1331 3311 1378 3370; x_wconf 83' lang='grc'><strong>99·</strong></span> <span class='ocrx_word' id='word_1_377' title='bbox 1396 3313 1427 3367; x_wconf 74' lang='lat' dir='ltr'><strong>ei</strong></span> <span class='ocrx_word' id='word_1_378' title='bbox 1448 3306 1561 3365; x_wconf 67' lang='lat' dir='ltr'><strong>Ptiseus</strong></span> <span class='ocrx_word' id='word_1_379' title='bbox 1580 3314 1642 3377; x_wconf 68' lang='grc'><strong>4444·</strong></span> <span class='ocrx_word' id='word_1_380' title='bbox 1658 3291 1715 3398; x_wconf 52' lang='grc'><strong>8444</strong></span> 
     </span>
     <span class='ocr_line' id='line_1_36' title="bbox 253 3388 1717 3510; baseline -0.033 -17"><span class='ocrx_word' id='word_1_381' title='bbox 253 3434 301 3506; x_wconf 82' lang='grc'><strong>40,</strong></span> <span class='ocrx_word' id='word_1_382' title='bbox 319 3432 356 3492; x_wconf 88' lang='grc'><strong>44</strong></span> <span class='ocrx_word' id='word_1_383' title='bbox 374 3434 489 3510; x_wconf 85' lang='lat' dir='ltr'><strong>poenis,</strong></span> <span class='ocrx_word' id='word_1_384' title='bbox 506 3431 555 3492; x_wconf 92' lang='grc'><strong>20.</strong></span> <span class='ocrx_word' id='word_1_385' title='bbox 573 3429 611 3490; x_wconf 89' lang='grc'><strong>44</strong></span> <span class='ocrx_word' id='word_1_386' title='bbox 625 3411 782 3490; x_wconf 68' lang='lat' dir='ltr'><strong>‘secantis</strong></span> <span class='ocrx_word' id='word_1_387' title='bbox 800 3443 971 3490; x_wconf 81' lang='lat' dir='ltr'><strong>excommu-</strong></span> <span class='ocrx_word' id='word_1_388' title='bbox 1067 3410 1236 3474; x_wconf 81' lang='lat' dir='ltr'><strong>JOANNES</strong></span> <span class='ocrx_word' id='word_1_389' title='bbox 1256 3401 1460 3469; x_wconf 79' lang='lat' dir='ltr'><strong>sntdaconn</strong></span> <span class='ocrx_word' id='word_1_390' title='bbox 1480 3399 1633 3466; x_wconf 82' lang='lat' dir='ltr'><strong>Romanus,</strong></span> <span class='ocrx_word' id='word_1_391' title='bbox 1648 3388 1717 3464; x_wconf 79' lang='lat' dir='ltr'><strong>Sige—</strong></span> 
     </span>
    </p>
   </div>
   <div class='ocr_carea' id='block_1_4' title="bbox 252 3477 1715 3674">
    <p class='ocr_par' dir='ltr' id='par_1_4' title="bbox 252 3477 1715 3674">
     <span class='ocr_line' id='line_1_37' title="bbox 254 3477 1715 3600; baseline -0.01 -18"><span class='ocrx_word' id='word_1_392' title='bbox 254 3525 434 3600; x_wconf 87' lang='lat' dir='ltr'><strong>nioetionis‚</strong></span> <span class='ocrx_word' id='word_1_393' title='bbox 454 3531 486 3584; x_wconf 89' lang='lat' dir='ltr'><strong>et</strong></span> <span class='ocrx_word' id='word_1_394' title='bbox 507 3524 556 3584; x_wconf 90' lang='grc'><strong>24.</strong></span> <span class='ocrx_word' id='word_1_395' title='bbox 578 3521 616 3582; x_wconf 86' lang='grc'><strong>44</strong></span> <span class='ocrx_word' id='word_1_396' title='bbox 638 3521 798 3583; x_wconf 88' lang='lat' dir='ltr'><strong>verborum</strong></span> <span class='ocrx_word' id='word_1_397' title='bbox 827 3521 975 3600; x_wconf 89' lang='lat' dir='ltr'><strong>signidca·</strong></span> <span class='ocrx_word' id='word_1_398' title='bbox 1028 3509 1113 3569; x_wconf 67' lang='grc'><strong>4444444)</strong></span> <span class='ocrx_word' id='word_1_399' title='bbox 1138 3521 1203 3582; x_wconf 88' lang='lat' dir='ltr'><strong>cap.</strong></span> <span class='ocrx_word' id='word_1_400' title='bbox 1225 3501 1295 3563; x_wconf 69' lang='lat'><strong>⁴²⁶·</strong></span> <span class='ocrx_word' id='word_1_401' title='bbox 1313 3498 1351 3558; x_wconf 63' lang='lat'><strong>(¹³</strong></span> <span class='ocrx_word' id='word_1_402' title='bbox 1373 3496 1403 3557; x_wconf 77' lang='lat' dir='ltr'><strong>S·</strong></span> <span class='ocrx_word' id='word_1_403' title='bbox 1421 3494 1457 3554; x_wconf 74' lang='grc' dir='ltr'><strong>Ε·</strong></span> <span class='ocrx_word' id='word_1_404' title='bbox 1479 3495 1554 3552; x_wconf 57' lang='grc'><strong>48349</strong></span> <span class='ocrx_word' id='word_1_405' title='bbox 1579 3477 1715 3581; x_wconf 50' lang='lat' dir='ltr'><strong>mm</strong></span> 
     </span>
     <span class='ocr_line' id='line_1_38' title="bbox 252 3574 1714 3674; baseline -0.027 -3"><span class='ocrx_word' id='word_1_406' title='bbox 252 3614 395 3674; x_wconf 88' lang='lat' dir='ltr'><strong>tionibus.</strong></span> <span class='ocrx_word' id='word_1_407' title='bbox 1028 3601 1065 3662; x_wconf 92' lang='lat' dir='ltr'><strong>de</strong></span> <span class='ocrx_word' id='word_1_408' title='bbox 1081 3599 1195 3660; x_wconf 86' lang='lat' dir='ltr'><strong>Graeco</strong></span> <span class='ocrx_word' id='word_1_409' title='bbox 1212 3597 1246 3666; x_wconf 89' lang='lat' dir='ltr'><strong>in</strong></span> <span class='ocrx_word' id='word_1_410' title='bbox 1264 3592 1401 3652; x_wconf 88' lang='lat' dir='ltr'><strong>Latinum</strong></span> <span class='ocrx_word' id='word_1_411' title='bbox 1421 3586 1456 3645; x_wconf 87' lang='grc'><strong>444</strong></span> <span class='ocrx_word' id='word_1_412' title='bbox 1475 3581 1537 3644; x_wconf 85' lang='lat' dir='ltr'><strong>vita</strong></span> <span class='ocrx_word' id='word_1_413' title='bbox 1555 3584 1583 3640; x_wconf 89' lang='grc'><strong>44</strong></span> <span class='ocrx_word' id='word_1_414' title='bbox 1596 3574 1714 3636; x_wconf 75' lang='lat' dir='ltr'><strong>aaaron</strong></span> 
     </span>
    </p>
   </div>
   <div class='ocr_carea' id='block_1_5' title="bbox 181 3673 1719 4532">
    <p class='ocr_par' dir='ltr' id='par_1_5' title="bbox 181 3673 1719 4532">
     <span class='ocr_line' id='line_1_39' title="bbox 292 3673 1717 3784; baseline -0.034 -14"><span class='ocrx_word' id='word_1_415' title='bbox 292 3704 975 3784; x_wconf 73' lang='grc' dir='ltr'><strong>ΙΙ444444444444444444444404444444444444444-</strong></span> <span class='ocrx_word' id='word_1_416' title='bbox 1029 3695 1157 3756; x_wconf 85' lang='lat' dir='ltr'><strong>Petrum</strong></span> <span class='ocrx_word' id='word_1_417' title='bbox 1184 3686 1295 3750; x_wconf 81' lang='lat' dir='ltr'><strong>labrum</strong></span> <span class='ocrx_word' id='word_1_418' title='bbox 1321 3699 1422 3744; x_wconf 83' lang='lat' dir='ltr'><strong>unum.</strong></span> <span class='ocrx_word' id='word_1_419' title='bbox 1444 3681 1473 3740; x_wconf 90' lang='grc'><strong>44</strong></span> <span class='ocrx_word' id='word_1_420' title='bbox 1500 3689 1600 3752; x_wconf 89' lang='lat' dir='ltr'><strong>nempe</strong></span> <span class='ocrx_word' id='word_1_421' title='bbox 1625 3673 1717 3728; x_wconf 85' lang='lat' dir='ltr'><strong>sertus</strong></span> 
     </span>
     <span class='ocr_line' id='line_1_40' title="bbox 253 3754 1717 3880; baseline -0.031 -18"><span class='ocrx_word' id='word_1_422' title='bbox 253 3805 303 3878; x_wconf 90' lang='lat' dir='ltr'><strong>pta</strong></span> <span class='ocrx_word' id='word_1_423' title='bbox 326 3799 411 3880; x_wconf 91' lang='lat' dir='ltr'><strong>plura</strong></span> <span class='ocrx_word' id='word_1_424' title='bbox 428 3797 553 3876; x_wconf 87' lang='lat' dir='ltr'><strong>legenda</strong></span> <span class='ocrx_word' id='word_1_425' title='bbox 571 3804 735 3860; x_wconf 91' lang='lat' dir='ltr'><strong>occurrunt</strong></span> <span class='ocrx_word' id='word_1_426' title='bbox 748 3797 828 3877; x_wconf 91' lang='lat' dir='ltr'><strong>apud</strong></span> <span class='ocrx_word' id='word_1_427' title='bbox 846 3797 974 3860; x_wconf 90' lang='lat' dir='ltr'><strong>Wilkins</strong></span> <span class='ocrx_word' id='word_1_428' title='bbox 1029 3793 1078 3850; x_wconf 90' lang='lat' dir='ltr'><strong>est</strong></span> <span class='ocrx_word' id='word_1_429' title='bbox 1094 3805 1132 3846; x_wconf 84' lang='lat' dir='ltr'><strong>er</strong></span> <span class='ocrx_word' id='word_1_430' title='bbox 1150 3782 1208 3844; x_wconf 92' lang='lat' dir='ltr'><strong>iilis</strong></span> <span class='ocrx_word' id='word_1_431' title='bbox 1225 3780 1329 3842; x_wconf 85' lang='lat' dir='ltr'><strong>decern</strong></span> <span class='ocrx_word' id='word_1_432' title='bbox 1351 3776 1388 3836; x_wconf 93' lang='lat' dir='ltr'><strong>ab</strong></span> <span class='ocrx_word' id='word_1_433' title='bbox 1406 3771 1555 3834; x_wconf 86' lang='lat' dir='ltr'><strong>lieribsrto</strong></span> <span class='ocrx_word' id='word_1_434' title='bbox 1570 3754 1717 3834; x_wconf 74' lang='grc'><strong>4444444444</strong></span> 
     </span>
     <span class='ocr_line' id='line_1_41' title="bbox 252 3851 1717 3960; baseline -0.034 -3"><span class='ocrx_word' id='word_1_435' title='bbox 252 3894 409 3957; x_wconf 89' lang='lat' dir='ltr'><strong>Concilior.</strong></span> <span class='ocrx_word' id='word_1_436' title='bbox 432 3893 605 3954; x_wconf 87' lang='lat' dir='ltr'><strong>Britanniae</strong></span> <span class='ocrx_word' id='word_1_437' title='bbox 627 3897 647 3952; x_wconf 91' lang='lat' dir='ltr'><strong>t.</strong></span> <span class='ocrx_word' id='word_1_438' title='bbox 670 3893 689 3954; x_wconf 91' lang='grc'><strong>2</strong></span> <span class='ocrx_word' id='word_1_439' title='bbox 710 3893 787 3956; x_wconf 87' lang='lat' dir='ltr'><strong>Cum</strong></span> <span class='ocrx_word' id='word_1_440' title='bbox 808 3893 890 3952; x_wconf 85' lang='lat' dir='ltr'><strong>eninr</strong></span> <span class='ocrx_word' id='word_1_441' title='bbox 919 3893 975 3952; x_wconf 84' lang='lat' dir='ltr'><strong>lte-</strong></span> <span class='ocrx_word' id='word_1_442' title='bbox 1028 3881 1118 3944; x_wconf 89' lang='lat' dir='ltr'><strong>editis</strong></span> <span class='ocrx_word' id='word_1_443' title='bbox 1134 3879 1293 3950; x_wconf 82' lang='lat' dir='ltr'><strong>Aotwerp.</strong></span> <span class='ocrx_word' id='word_1_444' title='bbox 1311 3871 1400 3933; x_wconf 82' lang='grc'><strong>4643.</strong></span> <span class='ocrx_word' id='word_1_445' title='bbox 1419 3863 1510 3944; x_wconf 80' lang='lat' dir='ltr'><strong>bugd.</strong></span> <span class='ocrx_word' id='word_1_446' title='bbox 1528 3859 1611 3960; x_wconf 61' lang='grc'><strong>4640.</strong></span> <span class='ocrx_word' id='word_1_447' title='bbox 1625 3861 1653 3914; x_wconf 84' lang='grc'><strong>44</strong></span> <span class='ocrx_word' id='word_1_448' title='bbox 1666 3851 1717 3912; x_wconf 85' lang='grc'><strong>44-</strong></span> 
     </span>
     <span class='ocr_line' id='line_1_42' title="bbox 181 3941 1718 4068; baseline -0.036 -14"><span class='ocrx_word' id='word_1_449' title='bbox 181 4049 188 4068; x_wconf 72' lang='grc'><strong>,</strong></span> <span class='ocrx_word' id='word_1_450' title='bbox 251 4005 320 4068; x_wconf 87' lang='lat' dir='ltr'><strong>gem</strong></span> <span class='ocrx_word' id='word_1_451' title='bbox 340 3985 516 4050; x_wconf 88' lang='lat' dir='ltr'><strong>Eduardum</strong></span> <span class='ocrx_word' id='word_1_452' title='bbox 541 3986 591 4048; x_wconf 88' lang='lat' dir='ltr'><strong>tlt.</strong></span> <span class='ocrx_word' id='word_1_453' title='bbox 609 3984 785 4055; x_wconf 76' lang='lat' dir='ltr'><strong>offendisset</strong></span> <span class='ocrx_word' id='word_1_454' title='bbox 802 3983 882 4064; x_wconf 89' lang='lat' dir='ltr'><strong>quod</strong></span> <span class='ocrx_word' id='word_1_455' title='bbox 903 4001 975 4047; x_wconf 84' lang='lat' dir='ltr'><strong>exa·</strong></span> <span class='ocrx_word' id='word_1_456' title='bbox 1029 3982 1139 4050; x_wconf 90' lang='lat' dir='ltr'><strong>twerp.</strong></span> <span class='ocrx_word' id='word_1_457' title='bbox 1170 3967 1257 4031; x_wconf 90' lang='grc'><strong>4628.</strong></span> <span class='ocrx_word' id='word_1_458' title='bbox 1279 3965 1327 4026; x_wconf 90' lang='grc'><strong>444.</strong></span> <span class='ocrx_word' id='word_1_459' title='bbox 1351 3965 1392 4024; x_wconf 88' lang='grc'><strong>04</strong></span> <span class='ocrx_word' id='word_1_460' title='bbox 1411 3957 1536 4022; x_wconf 86' lang='lat' dir='ltr'><strong>caeteris</strong></span> <span class='ocrx_word' id='word_1_461' title='bbox 1555 3949 1613 4011; x_wconf 86' lang='lat' dir='ltr'><strong>dirn</strong></span> <span class='ocrx_word' id='word_1_462' title='bbox 1636 3953 1655 4052; x_wconf 76' lang='lat' dir='ltr'><strong>t</strong></span> <span class='ocrx_word' id='word_1_463' title='bbox 1675 3941 1718 4001; x_wconf 85' lang='grc'><strong>444.</strong></span> 
     </span>
     <span class='ocr_line' id='line_1_43' title="bbox 251 4042 1716 4159; baseline -0.037 -13"><span class='ocrx_word' id='word_1_464' title='bbox 251 4086 369 4146; x_wconf 83' lang='grc'><strong>4444444</strong></span> <span class='ocrx_word' id='word_1_465' title='bbox 387 4079 536 4159; x_wconf 88' lang='lat' dir='ltr'><strong>quasdam</strong></span> <span class='ocrx_word' id='word_1_466' title='bbox 552 4081 706 4158; x_wconf 83' lang='lat' dir='ltr'><strong>graviores</strong></span> <span class='ocrx_word' id='word_1_467' title='bbox 722 4079 803 4142; x_wconf 90' lang='lat' dir='ltr'><strong>clero</strong></span> <span class='ocrx_word' id='word_1_468' title='bbox 818 4081 975 4159; x_wconf 77' lang='grc'><strong>444444444-</strong></span> <span class='ocrx_word' id='word_1_469' title='bbox 1027 4067 1103 4131; x_wconf 82' lang='grc'><strong>44444.</strong></span> <span class='ocrx_word' id='word_1_470' title='bbox 1117 4065 1248 4126; x_wconf 86' lang='lat' dir='ltr'><strong>Graecae</strong></span> <span class='ocrx_word' id='word_1_471' title='bbox 1263 4077 1330 4140; x_wconf 87' lang='lat' dir='ltr'><strong>pag.</strong></span> <span class='ocrx_word' id='word_1_472' title='bbox 1348 4057 1395 4118; x_wconf 87' lang='grc'><strong>28.</strong></span> <span class='ocrx_word' id='word_1_473' title='bbox 1413 4068 1476 4130; x_wconf 89' lang='lat' dir='ltr'><strong>seq.</strong></span> <span class='ocrx_word' id='word_1_474' title='bbox 1491 4049 1628 4108; x_wconf 85' lang='lat' dir='ltr'><strong>loannem</strong></span> <span class='ocrx_word' id='word_1_475' title='bbox 1639 4042 1716 4138; x_wconf 85' lang='grc'><strong>444444</strong></span> 
     </span>
     <span class='ocr_line' id='line_1_44' title="bbox 251 4127 1717 4251; baseline -0.033 -15"><span class='ocrx_word' id='word_1_476' title='bbox 251 4178 274 4236; x_wconf 87' lang='grc'><strong>44</strong></span> <span class='ocrx_word' id='word_1_477' title='bbox 296 4177 484 4238; x_wconf 87' lang='lat' dir='ltr'><strong>restitisset:</strong></span> <span class='ocrx_word' id='word_1_478' title='bbox 507 4172 573 4233; x_wconf 91' lang='lat' dir='ltr'><strong>ideo</strong></span> <span class='ocrx_word' id='word_1_479' title='bbox 594 4172 753 4236; x_wconf 92' lang='lat' dir='ltr'><strong>scribenda</strong></span> <span class='ocrx_word' id='word_1_480' title='bbox 775 4174 816 4236; x_wconf 91' lang='lat' dir='ltr'><strong>illi</strong></span> <span class='ocrx_word' id='word_1_481' title='bbox 838 4171 894 4234; x_wconf 89' lang='lat' dir='ltr'><strong>iuit</strong></span> <span class='ocrx_word' id='word_1_482' title='bbox 921 4188 975 4251; x_wconf 88' lang='lat' dir='ltr'><strong>pro</strong></span> <span class='ocrx_word' id='word_1_483' title='bbox 1028 4163 1177 4224; x_wconf 89' lang='grc'><strong>4444444</strong></span> <span class='ocrx_word' id='word_1_484' title='bbox 1193 4157 1343 4227; x_wconf 88' lang='lat' dir='ltr'><strong>Diacono,</strong></span> <span class='ocrx_word' id='word_1_485' title='bbox 1360 4165 1377 4210; x_wconf 87' lang='lat' dir='ltr'><strong>a</strong></span> <span class='ocrx_word' id='word_1_486' title='bbox 1394 4161 1452 4224; x_wconf 88' lang='lat' dir='ltr'><strong>qao</strong></span> <span class='ocrx_word' id='word_1_487' title='bbox 1470 4145 1561 4202; x_wconf 85' lang='lat' dir='ltr'><strong>vitam</strong></span> <span class='ocrx_word' id='word_1_488' title='bbox 1575 4136 1684 4208; x_wconf 82' lang='lat' dir='ltr'><strong>Gregon</strong></span> <span class='ocrx_word' id='word_1_489' title='bbox 1697 4127 1717 4184; x_wconf 85' lang='lat' dir='ltr'><strong>i-</strong></span> 
     </span>
     <span class='ocr_line' id='line_1_45' title="bbox 251 4232 1719 4348; baseline -0.035 -17"><span class='ocrx_word' id='word_1_490' title='bbox 251 4287 286 4330; x_wconf 90' lang='lat' dir='ltr'><strong>se</strong></span> <span class='ocrx_word' id='word_1_491' title='bbox 306 4270 441 4348; x_wconf 85' lang='lat' dir='ltr'><strong>apologia</strong></span> <span class='ocrx_word' id='word_1_492' title='bbox 471 4265 509 4330; x_wconf 90' lang='lat' dir='ltr'><strong>ad</strong></span> <span class='ocrx_word' id='word_1_493' title='bbox 531 4267 822 4346; x_wconf 86' lang='lat' dir='ltr'><strong>cumdcmlegenda</strong></span> <span class='ocrx_word' id='word_1_494' title='bbox 844 4265 913 4327; x_wconf 93' lang='lat' dir='ltr'><strong>ibid.</strong></span> <span class='ocrx_word' id='word_1_495' title='bbox 944 4284 971 4346; x_wconf 91' lang='lat' dir='ltr'><strong>p.</strong></span> <span class='ocrx_word' id='word_1_496' title='bbox 1029 4257 1172 4334; x_wconf 88' lang='lat' dir='ltr'><strong>scriptam</strong></span> <span class='ocrx_word' id='word_1_497' title='bbox 1201 4248 1261 4308; x_wconf 80' lang='lat' dir='ltr'><strong>diri</strong></span> <span class='ocrx_word' id='word_1_498' title='bbox 1291 4262 1356 4324; x_wconf 88' lang='lat' dir='ltr'><strong>pag.</strong></span> <span class='ocrx_word' id='word_1_499' title='bbox 1385 4239 1453 4302; x_wconf 84' lang='grc'><strong>346.</strong></span> <span class='ocrx_word' id='word_1_500' title='bbox 1480 4232 1643 4331; x_wconf 82' lang='lat' dir='ltr'><strong>sigebertus</strong></span> <span class='ocrx_word' id='word_1_501' title='bbox 1665 4235 1719 4295; x_wconf 84' lang='lat' dir='ltr'><strong>cap·</strong></span> 
     </span>
     <span class='ocr_line' id='line_1_46' title="bbox 251 4324 1719 4440; baseline -0.035 -18"><span class='ocrx_word' id='word_1_502' title='bbox 251 4364 320 4424; x_wconf 89' lang='grc'><strong>663.</strong></span> <span class='ocrx_word' id='word_1_503' title='bbox 336 4365 386 4424; x_wconf 91' lang='grc'><strong>444</strong></span> <span class='ocrx_word' id='word_1_504' title='bbox 401 4363 514 4440; x_wconf 88' lang='lat' dir='ltr'><strong>scripto</strong></span> <span class='ocrx_word' id='word_1_505' title='bbox 536 4359 723 4439; x_wconf 87' lang='lat' dir='ltr'><strong>praecedunt</strong></span> <span class='ocrx_word' id='word_1_506' title='bbox 744 4359 846 4420; x_wconf 89' lang='lat' dir='ltr'><strong>itidem</strong></span> <span class='ocrx_word' id='word_1_507' title='bbox 870 4359 973 4420; x_wconf 87' lang='lat' dir='ltr'><strong>literae</strong></span> <span class='ocrx_word' id='word_1_508' title='bbox 1030 4349 1099 4418; x_wconf 76' lang='grc'><strong>406.</strong></span> <span class='ocrx_word' id='word_1_509' title='bbox 1117 4343 1294 4420; x_wconf 89' lang='lat' dir='ltr'><strong>distinguit:</strong></span> <span class='ocrx_word' id='word_1_510' title='bbox 1312 4337 1369 4398; x_wconf 84' lang='lat' dir='ltr'><strong>Alii</strong></span> <span class='ocrx_word' id='word_1_511' title='bbox 1386 4334 1443 4393; x_wconf 88' lang='lat' dir='ltr'><strong>viri</strong></span> <span class='ocrx_word' id='word_1_512' title='bbox 1459 4325 1534 4389; x_wconf 92' lang='lat' dir='ltr'><strong>docti</strong></span> <span class='ocrx_word' id='word_1_513' title='bbox 1552 4324 1719 4424; x_wconf 31' lang='grc'><strong>4441444444</strong></span> 
     </span>
     <span class='ocr_line' id='line_1_47' title="bbox 252 4399 1718 4532; baseline -0.037 -19"><span class='ocrx_word' id='word_1_514' title='bbox 252 4455 376 4518; x_wconf 85' lang='grc'><strong>4444444</strong></span> <span class='ocrx_word' id='word_1_515' title='bbox 398 4455 537 4518; x_wconf 88' lang='lat' dir='ltr'><strong>eiusdem</strong></span> <span class='ocrx_word' id='word_1_516' title='bbox 559 4453 598 4516; x_wconf 89' lang='lat' dir='ltr'><strong>ad</strong></span> <span class='ocrx_word' id='word_1_517' title='bbox 619 4454 803 4532; x_wconf 90' lang='lat' dir='ltr'><strong>Episcopum</strong></span> <span class='ocrx_word' id='word_1_518' title='bbox 825 4453 976 4514; x_wconf 80' lang='grc'><strong>84444444-</strong></span> <span class='ocrx_word' id='word_1_519' title='bbox 1028 4441 1118 4504; x_wconf 91' lang='lat' dir='ltr'><strong>babili</strong></span> <span class='ocrx_word' id='word_1_520' title='bbox 1132 4434 1305 4514; x_wconf 84' lang='lat' dir='ltr'><strong>conjectura</strong></span> <span class='ocrx_word' id='word_1_521' title='bbox 1319 4429 1430 4489; x_wconf 89' lang='lat' dir='ltr'><strong>babent</strong></span> <span class='ocrx_word' id='word_1_522' title='bbox 1441 4439 1492 4504; x_wconf 92' lang='lat' dir='ltr'><strong>pro</strong></span> <span class='ocrx_word' id='word_1_523' title='bbox 1506 4419 1552 4479; x_wconf 92' lang='lat' dir='ltr'><strong>illo</strong></span> <span class='ocrx_word' id='word_1_524' title='bbox 1566 4430 1613 4493; x_wconf 84' lang='lat' dir='ltr'><strong>qur</strong></span> <span class='ocrx_word' id='word_1_525' title='bbox 1626 4399 1718 4468; x_wconf 80' lang='lat' dir='ltr'><strong>deinde</strong></span> 
     </span>
    </p>
   </div>
   <div class='ocr_carea' id='block_1_6' title="bbox 252 4503 1718 4627">
    <p class='ocr_par' dir='ltr' id='par_1_6' title="bbox 252 4503 1718 4627">
     <span class='ocr_line' id='line_1_48' title="bbox 252 4503 1718 4627; baseline -0.035 -14"><span class='ocrx_word' id='word_1_526' title='bbox 252 4563 317 4608; x_wconf 82' lang='lat' dir='ltr'><strong>scm</strong></span> <span class='ocrx_word' id='word_1_527' title='bbox 350 4550 531 4612; x_wconf 86' lang='lat' dir='ltr'><strong>mandantes</strong></span> <span class='ocrx_word' id='word_1_528' title='bbox 554 4554 586 4610; x_wconf 91' lang='lat' dir='ltr'><strong>ut</strong></span> <span class='ocrx_word' id='word_1_529' title='bbox 608 4549 670 4627; x_wconf 85' lang='lat' dir='ltr'><strong>regi</strong></span> <span class='ocrx_word' id='word_1_530' title='bbox 702 4548 874 4626; x_wconf 86' lang='lat' dir='ltr'><strong>graviorum</strong></span> <span class='ocrx_word' id='word_1_531' title='bbox 897 4546 971 4608; x_wconf 91' lang='lat' dir='ltr'><strong>illor.</strong></span> <span class='ocrx_word' id='word_1_532' title='bbox 1028 4538 1107 4596; x_wconf 85' lang='lat' dir='ltr'><strong>inter</strong></span> <span class='ocrx_word' id='word_1_533' title='bbox 1120 4531 1289 4610; x_wconf 84' lang='lat' dir='ltr'><strong>Episcopus</strong></span> <span class='ocrx_word' id='word_1_534' title='bbox 1309 4525 1457 4586; x_wconf 82' lang='lat' dir='ltr'><strong>Romanos</strong></span> <span class='ocrx_word' id='word_1_535' title='bbox 1477 4518 1601 4575; x_wconf 86' lang='lat' dir='ltr'><strong>loannes</strong></span> <span class='ocrx_word' id='word_1_536' title='bbox 1620 4503 1665 4564; x_wconf 89' lang='lat' dir='ltr'><strong>tlt.</strong></span> <span class='ocrx_word' id='word_1_537' title='bbox 1678 4511 1718 4556; x_wconf 80' lang='lat' dir='ltr'><strong>au·</strong></span> 
     </span>
    </p>
   </div>
   <div class='ocr_carea' id='block_1_7' title="bbox 255 4607 1720 4904">
    <p class='ocr_par' dir='ltr' id='par_1_7' title="bbox 255 4607 1720 4904">
     <span class='ocr_line' id='line_1_49' title="bbox 255 4607 1692 4704; baseline -0.017 -6"><span class='ocrx_word' id='word_1_538' title='bbox 255 4641 436 4702; x_wconf 89' lang='lat' dir='ltr'><strong>tributorum</strong></span> <span class='ocrx_word' id='word_1_539' title='bbox 458 4650 615 4704; x_wconf 77' lang='lat' dir='ltr'><strong>exactores</strong></span> <span class='ocrx_word' id='word_1_540' title='bbox 641 4646 838 4702; x_wconf 88' lang='lat' dir='ltr'><strong>coerceantur</strong></span> <span class='ocrx_word' id='word_1_541' title='bbox 863 4657 973 4702; x_wconf 90' lang='lat' dir='ltr'><strong>censu·</strong></span> <span class='ocrx_word' id='word_1_542' title='bbox 1030 4640 1099 4703; x_wconf 84' lang='grc'><strong>572.</strong></span> <span class='ocrx_word' id='word_1_543' title='bbox 1121 4637 1202 4697; x_wconf 89' lang='lat' dir='ltr'><strong>diem</strong></span> <span class='ocrx_word' id='word_1_544' title='bbox 1224 4631 1308 4694; x_wconf 92' lang='lat' dir='ltr'><strong>obiit.</strong></span> <span class='ocrx_word' id='word_1_545' title='bbox 1327 4629 1370 4688; x_wconf 86' lang='lat' dir='ltr'><strong>De</strong></span> <span class='ocrx_word' id='word_1_546' title='bbox 1388 4641 1425 4686; x_wconf 87' lang='lat' dir='ltr'><strong>eo</strong></span> <span class='ocrx_word' id='word_1_547' title='bbox 1445 4634 1532 4699; x_wconf 87' lang='lat' dir='ltr'><strong>supra</strong></span> <span class='ocrx_word' id='word_1_548' title='bbox 1552 4630 1614 4694; x_wconf 83' lang='lat' dir='ltr'><strong>pag.</strong></span> <span class='ocrx_word' id='word_1_549' title='bbox 1632 4607 1692 4670; x_wconf 85' lang='grc'><strong>334·</strong></span> 
     </span>
     <span class='ocr_line' id='line_1_50' title="bbox 256 4701 1720 4813; baseline -0.03 -15"><span class='ocrx_word' id='word_1_550' title='bbox 256 4734 307 4794; x_wconf 82' lang='lat' dir='ltr'><strong>ris.</strong></span> <span class='ocrx_word' id='word_1_551' title='bbox 329 4736 422 4796; x_wconf 88' lang='lat' dir='ltr'><strong>Datae</strong></span> <span class='ocrx_word' id='word_1_552' title='bbox 457 4743 529 4796; x_wconf 90' lang='lat' dir='ltr'><strong>sunt</strong></span> <span class='ocrx_word' id='word_1_553' title='bbox 549 4751 598 4796; x_wconf 91' lang='grc'><strong>44.</strong></span> <span class='ocrx_word' id='word_1_554' title='bbox 622 4736 711 4797; x_wconf 89' lang='grc'><strong>4346.</strong></span> <span class='ocrx_word' id='word_1_555' title='bbox 732 4734 843 4813; x_wconf 90' lang='lat' dir='ltr'><strong>quibus</strong></span> <span class='ocrx_word' id='word_1_556' title='bbox 870 4734 973 4796; x_wconf 87' lang='lat' dir='ltr'><strong>literae</strong></span> <span class='ocrx_word' id='word_1_557' title='bbox 1068 4728 1237 4792; x_wconf 84' lang='lat' dir='ltr'><strong>lOANNES</strong></span> <span class='ocrx_word' id='word_1_558' title='bbox 1262 4715 1482 4788; x_wconf 67' lang='lat' dir='ltr'><strong>salmonem,</strong></span> <span class='ocrx_word' id='word_1_559' title='bbox 1501 4701 1720 4786; x_wconf 79' lang='lat' dir='ltr'><strong>bagustioiaous</strong></span> 
     </span>
     <span class='ocr_line' id='line_1_51' title="bbox 260 4791 1720 4904; baseline -0.027 -12"><span class='ocrx_word' id='word_1_560' title='bbox 260 4828 396 4892; x_wconf 86' lang='lat' dir='ltr'><strong>eiusdem</strong></span> <span class='ocrx_word' id='word_1_561' title='bbox 417 4827 491 4890; x_wconf 88' lang='lat' dir='ltr'><strong>aliae</strong></span> <span class='ocrx_word' id='word_1_562' title='bbox 513 4835 618 4890; x_wconf 83' lang='lat' dir='ltr'><strong>contra</strong></span> <span class='ocrx_word' id='word_1_563' title='bbox 636 4829 809 4892; x_wconf 72' lang='lat' dir='ltr'><strong>coactiones</strong></span> <span class='ocrx_word' id='word_1_564' title='bbox 827 4827 973 4890; x_wconf 85' lang='lat' dir='ltr'><strong>laicorum</strong></span> <span class='ocrx_word' id='word_1_565' title='bbox 1031 4827 1159 4904; x_wconf 91' lang='lat' dir='ltr'><strong>scriptor</strong></span> <span class='ocrx_word' id='word_1_566' title='bbox 1176 4805 1512 4886; x_wconf 79' lang='lat' dir='ltr'><strong>Commentariorumic</strong></span> <span class='ocrx_word' id='word_1_567' title='bbox 1528 4793 1642 4866; x_wconf 81' lang='lat' dir='ltr'><strong>Cantica</strong></span> <span class='ocrx_word' id='word_1_568' title='bbox 1654 4791 1720 4854; x_wconf 68' lang='lat' dir='ltr'><strong>Cat</strong></span> 
     </span>
    </p>
   </div>
   <div class='ocr_carea' id='block_1_8' title="bbox 0 0 1831 5600">
    <p class='ocr_par' dir='ltr' id='par_1_8' title="bbox 0 0 1831 5600">
     <span class='ocr_line' id='line_1_52' title="bbox 0 0 1831 5600; baseline 0 0"><span class='ocrx_word' id='word_1_569' title='bbox 0 0 1831 5600; x_wconf 95' lang='lat' dir='ltr'><strong> </strong></span> 
     </span>
    </p>
   </div>
  </div>
 </body>
</html>
