3562 5582
649 131 1011 202 'adamannus
1516 141 1576 202 423

92 243 296 324 baptisterium
328 247 577 324 circumstantes,
608 247 728 328 saepius
758 263 804 307 me
864 245 1009 323 werrborg
1026 245 1134 306 Caeriti
1152 243 1318 322 magnilica.
1334 247 1392 306 lloc
1410 263 1479 308 cum
1499 249 1578 307 notis

90 342 186 420 444494·
196 337 304 402 debere
316 339 496 411 clamabant.
509 341 569 404 Sed
584 357 636 420 ego
653 339 804 421 quisenta
858 338 984 400 eraditis
1001 337 1171 412 historicis,
1190 336 1286 398 edidit
1309 339 1455 402 henricus
1471 340 1580 400 4444444-

83 435 150 514 jam
161 451 265 496 recens
278 451 481 512 emerseram,
496 433 623 496 decreta
640 451 805 496 44444444-
858 433 938 492 mins
947 446 1034 505 avus,
1046 432 1171 493 helmst.
1187 431 1265 494 4640
1282 433 1341 493 444
1352 435 1500 496 henricus
1510 435 1581 496 llei-

89 545 136 590 ees
149 525 259 590 444444
271 527 320 590 uel
332 527 433 604 clare,
449 543 526 610 quas
542 525 617 588 mibi
629 525 804 608 faciebant,
858 525 977 586 homins
996 541 1090 604 nepos
1118 523 1219 586 recudi
1250 526 1320 586 lecit
1337 533 1410 588 tom.
1429 530 1456 588 4.
1476 545 1579 589 rerum

89 628 193 698 444444,
211 621 356 701 defluente
372 621 527 684 nimirum
544 619 610 682 binc
628 619 696 682 inde
709 618 805 700 piloso
858 615 1107 679 Germanicarum
1123 636 1153 696 p.
1168 619 1226 680 495
1254 617 1307 681 bil
1335 622 1414 680 notis
1431 637 1447 680 a
1465 639 1494 700 p.
1512 621 1579 684 tut.

89 714 182 796 eapite
196 733 298 794 aqua,
316 711 419 777 uidem
435 733 494 775 non
507 723 654 797 poteram.
671 713 769 794 lgitnr
784 732 806 773 a
859 709 897 772 ad
914 725 979 790 pag.
997 711 1057 772 bl8
1076 711 1345 790 progredientibus.
1367 714 1580 782 Germanicam

88 807 164 889 facie
179 807 301 870 44444444
316 807 456 872 mannas
484 827 587 888 aqna,
604 807 678 889 quid
700 805 807 868 4444444
865 820 985 882 quoque
1009 802 1148 866 chronici
1166 803 1258 881 hujus
1272 808 1464 880 versionem,
1480 805 1580 866 adhuc

89 899 206 976 amici,
226 900 279 964 sed
293 918 400 982 magna
412 902 503 984 fantis
517 901 663 963 astrictus
677 899 805 982 frigore,
858 896 1000 986 ineditam
1013 897 1191 959 hlaibomius
1205 907 1429 960 commemorat.
1443 899 1517 961 Vide
1533 902 1582 960 la-

89 993 297 1076 earumprimo
310 993 524 1058 oalunmtinon
534 992 661 1056 libenter
674 990 803 1054 obedivi.
861 990 970 1052 conam
985 990 1090 1061 Qaetii
1105 997 1176 1050 tom.
1198 993 1225 1052 l.
1244 989 1282 1050 de
1303 995 1422 1072 scriptis
1449 994 1582 1056 Domini·

88 1089 225 1150 ttamen
238 1085 507 1166 blandallaptistae
516 1087 807 1167 meistemtsammo-
857 1096 1006 1144 canorum
1030 1099 1097 1162 pag.
1112 1083 1180 1145 754.

89 1180 197 1242 4444444
209 1227 217 1256 ,
230 1180 308 1262 feei,
326 1179 407 1260 qaod
416 1180 588 1261 [4444444444
603 1185 672 1241 erat
680 1196 739 1258 pro
753 1195 804 1239 sa·
903 1176 1134 1238 lilihhthNUS
1159 1176 1337 1254 4444044444,
1354 1179 1392 1239 ab
1412 1179 1584 1245 Hermanno

91 1271 155 1334 44444.
174 1275 273 1335 Rotas
288 1272 390 1352 itaque
405 1271 658 1334 bacmesecunda
669 1269 807 1333 4444444444
860 1267 896 1329 de
913 1265 1042 1330 lerbelse
1057 1271 1233 1348 neutiquam
1255 1271 1406 1334 diversus.

44 1353 48 1364 ’
90 1365 203 1427 Divinis
216 1365 368 1446 mysteriis
383 1365 576 1448 satisfecisse,
590 1363 806 1447 coepsdefonte
906 1361 1136 1426 HERMANNUS
1160 1363 1306 1424 4444444444
1330 1357 1498 1428 Chronico'n
1519 1383 1589 1428 con-

87 1459 157 1521 ualle
174 1460 274 1522 exire.
302 1458 457 1540 Siquidem
477 1477 555 1539 prae
575 1459 665 1520 nimio
683 1457 748 1536 ejrn
762 1455 806 1518 al·
862 1455 953 1530 didit,
970 1473 1030 1535 quo
1045 1458 1103 1518 ns.
1123 1473 1213 1519 usam
1229 1475 1262 1518 se
1284 1459 1446 1537 profitetur
1461 1464 1511 1538 qui
1525 1459 1584 1522 Ab

86 1569 238 1634 garepene
248 1557 326 1614 tatas
340 1551 547 1632 obrigueram.
559 1551 619 1614 Sed
631 1549 731 1612 clerus
745 1567 809 1610 ma-
861 1548 921 1609 bati
934 1550 1131 1629 Urspergensi
1141 1552 1362 1630 paralipomena
1373 1552 1490 1612 adiecit.
1503 1551 1582 1614 44444

86 1645 149 1724 aaa
160 1661 291 1708 rurscam
311 1644 435 1725 uocibus
452 1642 681 1725 perstrepebat,
699 1661 745 1704 me
765 1641 808 1724 acl
863 1643 961 1704 Vossii
979 1645 1123 1704 notationi
1139 1643 1278 1705 sandius
1304 1645 1480 1723 subiungit:
1500 1643 1590 1706 dnbio

88 1739 563 1801 consummationemsacramenti
574 1753 682 1800 uersas
695 1737 738 1798 aa
751 1755 808 1800 aa·
858 1734 968 1814 praem
982 1736 1008 1798 is
1024 1743 1070 1797 est
1083 1735 1328 1800 hannibatus
1343 1737 1445 1816 Gigas,
1462 1738 1517 1818 qui
1531 1739 1588 1800 444-

88 1839 195 1909 strum,
206 1831 396 1896 salutaribus
404 1833 525 1912 44444444
540 1829 809 1894 humiliterdebere
865 1827 966 1890 nortta
975 1828 1088 1891 decitur
1101 1876 1108 1905 ,
1123 1831 1272 1892 Chronico
1286 1837 1387 1892 antem
1399 1879 1405 1908 ‚
1419 1829 1499 1911 meod
1514 1831 1591 1892 scri-

88 1923 227 1986 manem.
257 1923 413 1987 Diabolica
441 1926 536 2006 s'gitnr
552 1925 664 2008 4444444
680 1925 809 1987 4444444-
859 1921 942 2002 psit,
972 1921 1192 1986 titulamciedit
1214 1925 1252 1984 de
1269 1924 1392 1984 lloribue
1409 1931 1588 2002 temporum.

89 2024 212 2095 444444,
228 2019 399 2100 stupidatos
416 2035 501 2094 snm,
520 2017 629 2080 baberi
647 2035 692 2080 me
710 2016 749 2079 ab
767 2018 810 2080 444
864 2016 1003 2078 Eundem
1031 2024 1182 2079 auctorem
1212 2017 1334 2078 videtur
1360 2015 1534 2078 blondellus
1550 2017 1588 2079 de

89 2111 214 2174 arnul.
235 2111 314 2174 Unde
330 2111 413 2172 sicat
426 2110 476 2172 ille
492 2111 642 2193 qnondam
667 2113 807 2172 Naaman
862 2110 997 2172 lohanua
1014 2113 1133 2190 Papissa
1147 2127 1212 2190 pag.
1234 2113 1266 2172 44
1290 2125 1397 2171 vocare
1415 2109 1587 2172 4444444444-

89 2202 380 2286 maroccanos
400 2203 518 2266 nerea
539 2204 687 2286 4444444
703 2205 810 2285 septas
863 2206 942 2268 uun
961 2191 1121 2284 emman.
1149 2205 1295 2264 nomnium
1322 2202 1516 2264 nnurtuus
1533 2207 1586 2264 44-

89 2298 212 2361 lauandi
224 2343 233 2372 ,
245 2313 352 2377 magno
364 2298 461 2359 animi
471 2315 632 2360 4444444444
644 2295 760 2380 surore,
774 2315 811 2358 ac
866 2299 962 2359 norita
980 2295 1084 2358 Floret
1101 2297 1401 2377 temporumcallegrt
1415 2297 1453 2358 ab
1469 2295 1590 2374 Origine

88 2405 193 2453 morae
203 2387 294 2454 444444
308 2390 478 2472 impatiens,
487 2389 624 2454 sabbam
638 2410 654 2452 e
670 2390 809 2472 baptiste-
867 2409 967 2453 rerum
981 2407 1079 2469 usque
1093 2389 1130 2452 ad
1141 2407 1254 2452 annum
1266 2391 1386 2452 Gratiae
1399 2392 1486 2452 4200.
1502 2391 1592 2452 444344-

90 2486 134 2546 rio
142 2481 299 2564 prosilire.
324 2483 385 2545 Sed
395 2529 402 2561 ‚
429 2485 490 2544 lieo
505 2483 642 2563 gratias,
660 2483 741 2565 quod
756 2485 814 2546 etsi
868 2483 1024 2546 bthNUS
1038 2501 1110 2546 vero
1119 2483 1285 2546 tunnensis
1293 2487 1482 2548 continuavit
1494 2499 1591 2563 usque

89 2595 119 2638 se
132 2577 272 2638 inimicas
282 2576 391 2650 eremit,
406 2595 465 2638 nan
480 2577 644 2639 adversum
657 2596 704 2639 me
715 2593 808 2657 prae-
866 2579 903 2642 ad
920 2578 977 2654 ha,
997 2579 1074 2640 4346
1090 2586 1182 2658 atque
1204 2580 1245 2640 ita
1266 2595 1336 2640 cum
1365 2581 1590 2642 continuatione

88 2669 366 2740 smluitls'nimuero
390 2658 729 2750 quemadmodum'idem
750 2671 812 2732 Na·
866 2673 1120 2734 exhibenturaC.
1132 2674 1165 2733 V.
1177 2673 1303 2750 Georgia
1320 2671 1453 2734 Ecoardo
1471 2679 1543 2732 tom.
1558 2676 1584 2733 4.

90 2763 810 2844 amausuorumlleoeusammonitianecamitnm,
866 2767 1005 2846 Corporis
1027 2765 1115 2825 medii
1139 2767 1207 2826 aevi
1233 2783 1299 2844 pag.
1328 2767 1401 2828 4554
1425 2765 1515 2827 tatu.
1535 2768 1592 2826 Lu-

92 2858 224 2921 salulari
235 2856 409 2938 Prophetae
425 2855 548 2919 consitio
573 2855 811 2936 obtemperaret,-
866 2861 942 2922 bens
958 2861 1082 2938 insuper
1106 2857 1207 2920 audivi
1235 2857 1431 2920 heumanni
1458 2857 1596 2935 Gigantis

91 2953 132 3011 ita
145 2949 260 3014 blamia
275 2949 504 3030 religiosorum,
526 2950 582 3031 qui
594 2950 732 3025 4444444,
754 2949 812 3011 cte-
866 2953 954 3014 liores
971 2959 1139 3032 temporum
1155 2971 1172 3013 a
1190 2953 1439 3014 demutandae
1455 2949 1589 3012 Gerardo

91 3045 224 3105 44444444
235 3042 416 3119 embortatio,
423 3043 568 3126 propulso
584 3043 624 3104 ab
637 3044 737 3105 animo
749 3059 812 3104 meo
869 3043 1059 3108 lleuschcnio
1074 3046 1243 3124 exspectari
1260 3044 1429 3123 vulgandas
1440 3061 1511 3106 cum
1521 3061 1593 3106 eon·

92 3143 226 3220 4444ῳο
240 3136 339 3200 mame
359 3137 540 3218 suspicionis
553 3137 698 3216 contagia,
716 3155 814 3200 meam
868 3142 1033 3202 tinuationo
1054 3137 1208 3216 Michaelis
1222 3137 1461 3198 ElSENliAllTl.

93 3231 198 3312 444444
209 3230 492 3312 pusillanimitatem
520 3227 677 3294 roboravit
710 3233 745 3293 444
760 3231 815 3310 ipi-
911 3235 1092 3322 nescioquis
1103 3231 1240 3310 qualisve
1251 3233 1291 3291 sit
1302 3231 1412 3290 Frater
1427 3229 1597 3292 naamah-

94 3329 211 3406 tnrper
226 3325 326 3386 omnia
338 3323 491 3387 maribus
500 3342 578 3386 noua
593 3323 682 3386 liceat
694 3341 813 3404 campa·
870 3329 945 3390 NUS
965 3329 1055 3406 cuias
1077 3324 1233 3405 Dialopum
1261 3341 1408 3387 excusum
1428 3326 1512 3404 Ligni
1538 3325 1597 3385 44.

92 3435 179 3498 rare,
198 3419 338 3481 Naaman
352 3417 515 3479 lordaneis
535 3419 643 3505 septies
661 3416 737 3479 totas
756 3419 815 3498 fin·
871 3423 944 3483 4404
967 3421 1175 3483 memoratio.
1192 3418 1434 3481 Cailliushistor.
1452 3425 1593 3498 typogra-

93 3513 176 3589 entis,
193 3531 216 3572 a
226 3509 312 3594 lepra
323 3511 427 3574 carnis
440 3509 601 3574 visibiliter
618 3517 663 3572 cst
674 3518 812 3587 curatas,
869 3515 956 3595 phiae
971 3531 1038 3594 pag.
1057 3516 1141 3575 4344
1158 3529 1197 3574 ex
1214 3529 1250 3572 eo
1266 3512 1353 3574 llich.
1366 3513 1512 3573 blaittaire
1532 3527 1599 3591 pag.

95 3623 145 3686 epo
159 3607 192 3668 in
207 3604 353 3686 baptismo
373 3622 432 3686 per
456 3601 658 3686 septiformem
679 3604 812 3684 meina
874 3608 924 3670 464
949 3615 1021 3668 tam.
1040 3609 1073 3682 4.Ι
1086 3607 1188 3668 anstai.
1204 3613 1321 3686 typogr.

95 3699 331 3780 sanctioratiam
348 3696 540 3760 invisibiliter
556 3717 624 3761 sum
640 3695 681 3760 ab
698 3697 817 3760 animae
913 3701 1146 3763 llERhthNUS
1160 3703 1226 3762 sive
1240 3699 1487 3764 flautandans
1501 3701 1601 3762 Mone-

96 3793 181 3874 lepra
193 3793 364 3856 madaba.
379 3793 453 3854 Vide
470 3799 501 3853 et
521 3793 606 3869 inira,
623 3794 815 3854 Hermannns
876 3795 975 3871 chus,
993 3794 1082 3873 cujus
1099 3793 1264 3876 Eps'stolnm
1282 3796 1319 3857 ad
1340 3796 1600 3857 bartholomaeum

99 3887 414 3950 nraemamnatensa.
878 3890 1060 3968 Episcopum
1085 3888 1316 3952 laudunensem
1334 3889 1370 3950 de
1394 3885 1553 3951 lliracnlis
1569 3889 1600 3948 S.

141 3981 373 4044 4444444444444448
394 3981 574 4042 Korneras:
592 3981 630 4041 de
651 3998 711 4058 quo
729 3997 820 4059 supra
874 3981 992 4042 Martae
1012 3979 1220 4042 modenensis
1238 3985 1267 4041 in
1290 3981 1399 4044 Codice
1424 3983 1603 4058 Sangerma-

4 4151 5 4160 ἵ
101 4079 130 4136 in
146 4075 327 4138 (tonnano
343 4081 414 4135 tum.
433 4076 467 4149 i,
485 4093 552 4154 pag.
567 4075 637 4136 306.
880 4076 967 4134 nensi
985 4073 1043 4136 527
1060 4075 1132 4152 legit
1149 4076 1431 4153 praestantissimus
1448 4073 1600 4150 cangius,

140 4165 626 4230 nssnnhnnusmrtecnastve
645 4166 821 4230 Lerbeceen-
877 4165 981 4228 cadem
1011 4173 1059 4226 est
1086 4183 1177 4244 quam
1211 4167 1347 4244 vulgavit
1375 4166 1543 4226 Daeherius
1560 4163 1598 4223 ad
1676 4245 1679 4252 Ι

4 4253 5 4268 ³
101 4261 158 4338 sis,
188 4259 224 4322 de
244 4258 395 4338 Lerbelse,
415 4262 579 4324 llonaohus
607 4263 821 4324 Dominicanus
876 4261 988 4323 calcem
1007 4277 1131 4339 operum
1142 4259 1277 4320 Guiberti
1296 4259 1485 4337 Navigantini
1500 4274 1529 4335 p.
1542 4257 1600 4318 526

103 4357 216 4417 0444444
231 4357 260 4418 S.
280 4355 372 4430 Pauli,
389 4355 564 4432 blindansis,
582 4355 710 4434 scriptor
728 4354 821 4419 43444-
876 4357 1072 4435 praemissam
1098 4353 1235 4431 ejusdcm
1254 4354 1417 4414 llermanni
1435 4348 1522 4435 libris
1546 4349 1602 4409 tri-

104 4448 165 4510 nici
177 4449 324 4512 commas
340 4448 377 4510 de
393 4445 608 4526 salewenberg
637 4451 703 4510 sivo
730 4450 822 4510 Scha-
878 4447 942 4523 bees,
954 4465 1083 4526 quorum
1098 4447 1158 4509 duo
1175 4445 1451 4526 priores'miracula
1471 4441 1518 4504 illa
1534 4459 1601 4524 pcr-
1621 4509 1627 4522 ,
1649 4504 1652 4510 ,

105 4543 356 4622 neuburgicorum
382 4543 419 4604 ab
441 4540 530 4602 hano
550 4542 665 4605 Christi
682 4541 769 4602 4030.
785 4541 821 4603 ad
849 4593 854 4606 .
877 4549 1061 4620 sequantur,
1089 4543 1198 4602 tertius
1226 4547 1328 4602 autem
1347 4541 1433 4616 isque
1458 4537 1602 4615 prolixior

106 4635 228 4698 hunum
247 4637 324 4699 4404
341 4639 411 4714 (non
434 4637 512 4698 4444
528 4641 562 4696 44
587 4635 725 4709 Vossius)
743 4634 823 4712 qaod
876 4641 986 4696 tractat
999 4635 1037 4696 de
1052 4641 1156 4696 ornata
1173 4651 1226 4712 per
1244 4634 1274 4695 S.
1292 4632 1472 4694 Norbertum
1484 4636 1515 4690 et
1529 4631 1601 4690 Bar·

107 4737 208 4790 auctor
224 4727 337 4790 dicavit
351 4729 493 4792 iratribus
509 4727 683 4791 Bernhardo
698 4730 821 4806 Praepo-
877 4728 1079 4790 tholomaeum
1097 4729 1296 4808 Episcopum,
1318 4733 1349 4787 et
1359 4723 1547 4788 Moriasteriis
1560 4723 1601 4782 lo-

110 4823 168 4882 4444
184 4822 528 4902 hamburgensi,atque
554 4823 657 4882 Otloni
676 4823 705 4882 in
732 4821 823 4882 Schn
878 4822 1031 4900 cupietata
1063 4821 1190 4884 dioecesi
1220 4817 1421 4884 L'audunrnsi.
1448 4815 1601 4876 Bartholo-
