3562 5582
194 109 234 170 tn
767 108 1130 176 GOSSELINUS
1182 106 1186 115 ’

193 215 316 298 ilumeris
333 215 505 298 litterarum
525 226 553 280 et
573 223 716 278 eorttnnm
734 220 855 301 periton.
886 223 914 282 is
1008 221 1143 284 iiismritt
1153 223 1298 285 umorem
1311 224 1379 284 tiso
1391 226 1421 285 8.
1434 223 1592 303 Anprtttr'nt'
1603 225 1674 287 Gan·

193 310 284 372 morito
300 311 497 394 Episcopatus
515 317 545 372 et
563 309 710 376 Atianos
722 314 915 394 perlustra-ns
970 321 1053 377 inor.
1071 315 1303 398 Anciiepisaopi.

176 413 334 485 tempore,
352 405 534 486 praeabum
554 406 697 468 scientiae
710 408 820 472 moltis
845 410 917 473 loeis
1012 409 1147 471 Annon
1156 409 1468 474 Mthordoiit'racnlie
1479 413 1509 474 8.
1517 411 1673 490 Augustam.

194 507 383 561 monuments
393 498 510 560 deditio
519 497 844 587 londibnsSanatornm
850 509 921 584 post
1012 504 1148 566 titensa
1168 505 1264 584 limpor
1283 504 1320 566 de
1342 505 1409 566 Vita
1425 506 1456 566 8.
1478 504 1637 583 Artpustini.

193 593 333 655 anniti
351 592 509 663 secundos,
533 595 666 656 Musicae
673 612 769 673 parra
783 597 919 676 palmam
1011 598 1148 660 Historia
1161 591 1674 679 trajordetiiroootiss'nopmtint.
1770 651 1773 678 ,

190 688 484 768 postOSiliiitNitii
501 687 636 767 comtos.
644 689 776 770 11661666
787 690 920 753 innume·
990 695 1117 754 Sermo
1137 691 1169 752 in
1190 690 1364 755 rosnottan
1384 691 1593 770 8616966166
1610 693 1677 752 laci·
1771 739 1773 760 ,

194 801 248 844 ras
268 784 446 844 Sanctorum
468 783 632 843 recentium
654 785 737 844 Vitas
764 789 842 864 stpta
864 805 920 847 eec-
973 789 1035 865 pit:
1057 784 1223 846 Praeclara
1242 785 1306 846 atei
1318 785 1487 866 praesentis
1503 783 1671 846 anonas.

89 893 93 898 ·
192 876 270 948 told,
290 883 426 946 uentum
445 874 496 937 vel
525 877 657 939 amissas
676 875 726 939 uel
750 877 920 958 insomniter
1011 875 1157 955 attriti,
1175 879 1217 940 ad
1233 879 1462 953 trasimunde
1482 875 1677 938 mammeam

193 970 288 1031 attilas
319 969 456 1032 cantitent
487 971 654 1031 renovavit.
674 973 773 1052 liujus
787 1015 789 1020 ,
803 991 919 1054 qnoque
971 976 1002 1036 S.
1024 973 1202 1053 Augustini,
1223 988 1271 1034 an.
1294 975 1382 1035 1091.
1404 976 1423 1034 6
1445 972 1615 1050 ’86616666
1640 971 1678 1030 16.-

192 1065 398 1125 translationis
417 1066 449 1140 (S
469 1064 641 1142 Augustini,
658 1065 822 1144 Anglcrunr
841 1067 922 1146 Apo*
972 1073 1029 1128 ota.
1048 1070 1108 1129 llos
1126 1068 1254 1130 Saeculo
1272 1074 1359 1128 sesto
1377 1065 1622 1128 benedictionale
1638 1064 1678 1124 ln

193 1159 271 1232 stoli)
292 1158 401 1219 seriem
422 1158 465 1219 ita
486 1158 640 1237 enpolohit
654 1167 690 1221 ut
704 1177 920 1240 eomproesen·
973 1175 1038 1220 aem
1068 1163 1201 1239 prolerre
1226 1163 1261 1222 Gt
1294 1160 1481 1222 stabilientes
1500 1157 1677 1238 spopondit,

194 1249 273 1312 tibus
293 1257 479 1312 monstrasse
500 1251 603 1330 elipito,
625 1251 859 1336 stetnrarnmpne
875 1257 920 1318 oi·
973 1256 1165 1338 protulitque.
1182 1256 1233 1315 llis
1247 1255 1334 1315 libris
1349 1252 1521 1332 sujungitur
1532 1253 1680 1312 sericeas-

193 1341 811 1426 (16616666666166666616.1161ίωὶ66966
842 1369 920 1430 qnae
973 1351 1057 1412 tinus
1078 1349 1145 1409 tin
1161 1350 1192 1410 8.
1212 1347 1346 1410 tetardi.

195 1447 237 1500 tat
254 1431 373 1501 Sanetts
389 1440 543 1501 servierit:
565 1439 645 1521 [elin
657 1450 773 1520 peetus,
788 1443 869 1522 qood
880 1451 922 1506 tot
1017 1440 1083 1503 tito
1098 1443 1130 1502 8.
1149 1440 1334 1517 Aiildredae,

195 1535 314 1594 recentes
336 1533 480 1596 melodias
493 1533 635 1609 emiserit,
654 1536 840 1614 praesertim
851 1555 918 1597 mem
982 1533 1183 1596 ‚nomnen
1197 1534 1451 1610 attinendos-et
1464 1533 1611 1595 immoto
1627 1534 1680 1594 tio·
1770 1565 1773 1600 l

195 1629 226 1686 in
256 1627 322 1706 ejas
356 1629 579 1690 contuersotione
614 1635 748 1691 certaret
782 1631 920 1692 honestas
974 1629 1102 1690 vastent
1121 1629 1266 1710 ejrtsdem.
1453 1669 1457 1675 -
1622 1653 1626 1666 ·

194 1721 358 1783 electrinos.
920 1730 923 1747 '
995 1721 1332 1796 ntitas'stonremii,
1351 1720 1635 1796 notatissimo

234 1817 273 1878 86
291 1815 467 1878 Monachum
484 1817 577 1878 inisse
603 1819 631 1879 S.
657 1817 818 1898 Augustini
842 1819 919 1880 Can-
974 1819 1018 1877 rii
1029 1865 1036 1890 ,
1060 1817 1222 1879 Dertsdedit
1240 1825 1270 1878 et
1297 1814 1439 1876 Theodori
1460 1859 1468 1888 ,
1489 1813 1683 1894 Arciiqrisre

193 1911 364 1984 tuuriensis,
374 1909 549 1972 tiatselinus
566 1913 595 1972 in
614 1919 742 1990 utraque
757 1913 919 1973 Praelatio-
969 1927 1080 1992 666666
1090 1909 1366 1974 cantuariensium.
1380 1912 1412 1970 16
1425 1911 1471 1970 his
1485 1907 1624 1987 quicquid
1641 1908 1681 1966 hi-

195 2021 232 2062 na
243 2003 280 2062 ad
294 2005 391 2063 Vitam
405 2005 434 2065 S.
453 2005 616 2083 Augustini
634 2011 776 2067 testatur.
792 2007 918 2084 Scripsit
973 2008 1118 2068 starieum
1133 2013 1200 2081 est,
1218 1993 1256 2066 o'r
1273 2005 1353 2066 Beda
1371 2001 1496 2063 totidem
1512 1999 1682 2062 iamverbis

194 2095 439 2173 enimduplicarn
455 2097 610 2156 historiam
630 2099 668 2158 de
686 2099 824 2160 eiusdem
839 2099 916 2159 Vita.
974 2097 1171 2178 desumptum
1188 2106 1246 2174 est,
1258 2099 1409 2176 ampliatis
1421 2096 1567 2156 duntaxat
1579 2095 1683 2170 magni-
1750 2107 1754 2112 '

113 2198 119 2210 ’
195 2189 330 2250 Fecimus
347 2191 455 2268 (inquit
473 2192 501 2249 in
520 2193 643 2268 praelat.
672 2193 709 2252 ud
732 2191 801 2253 hist.
838 2194 916 2271 maj.)
974 2193 1028 2253 irae
1050 2195 1147 2256 Bodas
1168 2194 1340 2266 sententiis,
1359 2197 1391 2251 et
1414 2189 1565 2250 miraculis
1582 2187 1681 2246 multis

195 2283 232 2343 de
248 2282 351 2342 eodem
368 2285 500 2344 mansio
514 2283 589 2345 dnos
611 2280 754 2364 Codices,
781 2287 926 2366 Aiajorem
979 2291 1008 2346 in
1032 2289 1219 2366 singularum
1241 2288 1300 2347 line
1330 2286 1483 2365 appositis.
1505 2281 1681 2366 invitas

194 2383 223 2437 et
235 2377 387 2438 Minorem.
405 2377 545 2455 hiajarem
561 2379 654 2438 edidit
671 2379 703 2438 lt.
724 2381 753 2439 P.
767 2379 919 2440 lohannes
980 2383 1138 2461 laurentii
1152 2381 1269 2442 Author
1293 2381 1379 2458 longa
1410 2378 1590 2457 digressione
1610 2375 1681 2435 laeta

192 2472 379 2532 liabillonius
396 2473 425 2530 iu
444 2471 528 2532 Actis
545 2472 730 2532 Benedictio.
748 2475 831 2534 Sarc.
852 2473 872 2534 Ι.
892 2493 917 2552 p.
975 2475 1064 2536 iidem
1080 2477 1124 2536 sui
1143 2476 1288 2553 temporis
1302 2471 1459 2534 miraculis
1472 2469 1628 2531 conciliare
1643 2467 1683 2526 ni-

193 2566 250 2624 199
267 2563 369 2625 addita
393 2566 484 2625 etiarn
501 2555 575 2624 libro
599 2551 718 2641 ejsdern
750 2567 862 2626 maiora
883 2565 919 2626 de
976 2571 1060 2631 titur.

193 2657 353 2720 Mirocniis
372 2659 403 2719 S.
422 2656 596 2736 Anpnstini‚
613 2658 680 2719 ibid.
698 2677 763 2738 pag.
783 2661 851 2720 535.
871 2663 919 2720 lli·
1018 2661 1083 2723 Vita
1097 2659 1234 2737 Adriani,
1249 2657 1374 2722 Abbatr's
1384 2663 1414 2722 8.
1424 2655 1680 2738 Augustiniqmm

194 2755 285 2814 storia
303 2753 397 2814 llinor
413 2751 449 2812 de
463 2751 540 2826 Vita,
554 2760 586 2812 et
598 2753 656 2814 alia
670 2755 765 2813 Minor
779 2751 815 2814 de
826 2753 920 2815 11166-
974 2772 1022 2816 an.
1038 2753 1219 2815 7686611666
1237 2756 1339 2816 refert.

193 2845 270 2906 coiis
284 2849 314 2909 8.
327 2845 499 2924 Anpnstini,
519 2848 547 2903 in
568 2845 769 2907 Bibliothecae
796 2847 920 2907 Lamhe
1012 2847 1149 2909 Historia
1164 2846 1200 2906 de
1217 2845 1421 2908 ihansmdone
1438 2843 1587 2925 ejusden,
1604 2847 1676 2900 tem·

193 2941 302 3001 thanao
330 2939 453 3012 Codice,
470 2939 624 3000 Gotselino
650 2942 811 3020 inscriptae
836 2959 919 3020 repe
973 2956 1043 3021 para
1061 2939 1213 3002 wilhelmi
1229 2942 1318 3018 Regis
1333 2941 1418 3002 iacta.
1681 2927 1685 2936 ¹

56 3051 65 3062 ·
192 3039 321 3095 rruntur.
336 3035 382 3094 Ex
398 3034 467 3106 hoc,
487 3035 513 3108 a)
532 3033 630 3094 Vitam
653 3035 799 3095 Minoem
815 3036 919 3113 capiti·
1013 3031 1142 3094 Libellus
1175 3039 1281 3094 contm
1316 3033 1420 3092 inanes
1456 3034 1487 3094 S.
1524 3026 1682 3093 ttittreooe

194 3129 251 3187 bus
262 3127 350 3186 XLll.
362 3125 535 3208 distinctam
553 3125 779 3205 descripsimus,
793 3132 825 3186 et
836 3129 917 3204 typis
975 3130 1185 3207 ilsmpomres,
1207 3127 1336 3204 probans
1356 3141 1467 3204 eorpus
1486 3122 1553 3200 ejas
1573 3139 1630 3180 non
1652 3121 1680 3178 in

192 3212 534 3298 ev‘ulgaricnravimus3
550 3220 577 3294 b)
594 3237 631 3278 ne
643 3221 743 3298 prima
760 3217 839 3298 apud
857 3217 921 3278 An·
973 3220 1115 3282 Psouchis
1133 3221 1162 3280 S.
1181 3220 1316 3298 Gregorii
1340 3216 1530 3281 1166166616
1551 3215 1682 3278 Ecclesia

67 3325 71 3334 ’
156 3307 166 3318 “
194 3314 258 3391 glos
275 3312 343 3373 iidei
361 3313 549 3374 Christianae
559 3312 755 3391 praedicatori
769 3329 824 3373 suu
836 3310 917 3389 apud
974 3316 1043 3375 licto
1060 3315 1180 3374 nornine
1197 3313 1344 3384 hiltrudis
1368 3315 1559 3389 nuncupata,
1580 3305 1633 3366 sed
1654 3307 1682 3363 in

195 3407 308 3482 Anglos
322 3407 389 3466 laus
403 3402 544 3480 deesset,
560 3407 701 3482 quamvis
717 3419 865 3484 perpauca
880 3404 918 3464 de
973 3408 1123 3470 coenobia
1139 3409 1169 3468 S.
1187 3405 1349 3484 Augustini
1364 3405 1410 3482 tad
1429 3402 1508 3482 quod
1520 3403 1557 3468 ab
1567 3399 1684 3462 81166-

195 3501 245 3560 llla
255 3497 430 3558 Gotselinus
441 3501 654 3575 noverit,quae
665 3512 724 3558 666
740 3505 827 3559 anton
838 3497 919 3559 lteda
975 3518 1013 3561 na
1027 3499 1141 3562 Abbate
1167 3501 1348 3562 translatum
1365 3506 1413 3560 ast
1429 3505 1563 3574 tempore
1577 3492 1682 3555 Cuncti

196 3593 358 3670 scripserit.
376 3593 475 3670 Longo
492 3592 618 3670 amplior
635 3597 683 3652 est
701 3591 838 3652 Historia
855 3591 920 3653 116-
974 3594 1072 3673 Regis)
1090 3591 1256 3654 adservari.
1517 3649 1518 3652 ,

189 3686 258 3767 jari
266 3705 275 3763 ·,
292 3703 370 3765 quac
382 3691 483 3745 tannen
499 3729 506 3760 ,
521 3687 545 3744 si
562 3685 718 3746 tabuisset
736 3687 841 3748 inanes
853 3703 922 3746 ver·
1016 3689 1168 3750 Hactenus
1195 3684 1294 3746 Codex
1326 3683 1533 3747 cmmotanus.
1568 3683 1684 3742 Praeter

197 3783 303 3842 borum
321 3779 460 3860 phaleras
481 3773 607 3848 demas,
627 3777 667 3838 nil
689 3777 841 3838 liistoriae
867 3777 922 3853 iii-
977 3783 1051 3843 haec
1070 3798 1088 3842 a
1107 3781 1262 3842 Gotselino
1282 3785 1396 3858 scripta
1417 3782 1562 3840 memorat
1580 3772 1685 3836 Balous

197 3875 423 3936 noriintaatum
436 3871 922 3934 habet.iit'rtoremanteaediderat
980 3875 1059 3936 Vitas
1080 3876 1134 3935 SS.
1155 3871 1328 3948 Sraitilnni,
1362 3868 1548 3944 ommutui,
1573 3863 1685 3928 urion

197 3967 403 4032 Dacheriusin
420 3961 639 4044 Appendicedd
653 3965 809 4046 heniranai
823 3965 922 4045 Opera
975 3965 1089 4030 waldi.
1109 3964 1293 4044 Eadpitlrae,
1317 3967 1342 4037 6)
1363 3961 1550 4041 6111666666,
1580 3957 1686 4024 wete-

199 4064 289 4126 Paris
307 4061 385 4124 1618
403 4077 468 4140 pag.
488 4058 535 4121 57.
553 4059 607 4120 scd
634 4059 778 4120 Authoris
801 4062 922 4120 nomine
946 4095 948 4100 ·
977 4059 1091 4139 burgae
1106 4055 1138 4135 b}
1156 4065 1187 4120 et
1204 4057 1239 4119 de
1260 4057 1369 4131 166616,
1390 4064 1421 4118 et
1438 4055 1474 4116 do
1495 4051 1685 4117 omniun

75 4223 79 4230 ,
197 4168 228 4220 ot
242 4159 358 4236 integro
370 4157 417 4215 36.
433 4154 565 4234 capitulo
581 4153 770 4214 destitutam.
789 4153 922 4214 Plurima
977 4151 1078 4214 iconis
1091 4151 1266 4214 Historiam.
1292 4153 1379 4212 l’arrc
1402 4146 1687 4209 vetustumllatalo·

198 4245 342 4314 Gotselini
357 4267 447 4328 opero
465 4252 494 4309 in
512 4247 620 4312 Codice
635 4247 858 4325 perantiquoet
872 4263 924 4323 pe-
976 4263 1048 4326 gum
1064 4246 1243 4305 Sanctorum
1262 4246 1291 4302 in
1308 4242 1413 4320 Anglia
1431 4242 1617 4320 sepultorum
1636 4237 1685 4297 Sa-

201 4345 344 4422 releganti
362 4345 538 4405 cottoniano
562 4336 734 4418 Vespasium
751 4339 784 4397 B.
802 4339 850 4400 20.
869 4355 923 4398 ox·
977 4339 1083 4400 xorrine
1100 4338 1246 4415 seriptum
1263 4337 1365 4396 Latine.
1379 4335 1565 4396 convertisse
1581 4331 1688 4392 dicitur

202 4443 263 4496 stat
278 4435 374 4495 isthoc
390 4435 515 4496 ordine:
977 4433 1015 4493 ob
1036 4433 1156 4494 Ueserio
1171 4431 1207 4505 c).
1224 4429 1375 4490 versionis
1397 4427 1524 4504 plurima
1540 4423 1688 4501 exempla·

1018 4587 1044 4649 s)
1062 4587 1222 4651 Eadpattae
1233 4588 1359 4648 virginis,
1373 4585 1439 4648 opud
1456 4585 1593 4636 teroaldum
1611 4585 1691 4632 wion.

246 4673 272 4733 a)
290 4671 372 4722 verba
389 4677 449 4722 sunt
466 4677 497 4723 ll.
522 4672 652 4720 worthoni
672 4667 750 4734 praei.
780 4665 811 4718 66
829 4671 888 4717 torn.
909 4665 925 4714 2
976 4670 1041 4715 tom.
1060 4662 1072 4712 1
1090 4663 1153 4726 ligni
1168 4664 1241 4712 vitoe
1259 4674 1285 4722 p.
1302 4660 1361 4711 tot.

199 4749 304 4812 Arrgtlae
320 4759 407 4797 sacros
424 4759 482 4809 pag.
503 4749 556 4796 vll.
689 4752 691 4758 ·
1019 4737 1127 4799 b)tege
1147 4731 1335 4798 Woreturpoa.
1398 4809 1406 4821 ι

245 4823 274 4874 hl
290 4825 359 4873 torn.
378 4823 394 4871 2
410 4821 512 4884 Angites
528 4825 550 4872 s.
570 4834 595 4882 p.
612 4819 696 4869 61-11.
929 4833 933 4843 ·
1020 4813 1045 4872 c)
1067 4813 1152 4872 Antio.
1170 4812 1233 4858 ttrit.
1251 4822 1273 4861 c.
1289 4807 1314 4859 i.
1332 4819 1358 4870 p.
1378 4805 1414 4858 lb.
