3596 5610
651 106 1045 174 innocentius
1526 103 1596 176 ,337

109 215 293 288 Sermones,
322 220 356 275 ut
382 214 429 276 alii
452 215 582 289 saltem,
607 216 659 293 uui
691 215 766 276 torte
783 216 828 276 44·
887 216 1004 274 centum
1020 215 1050 272 44
1058 217 1124 272 octo
1139 225 1217 290 quos
1235 203 1409 280 adversarii,
1426 209 1455 266 in
1476 209 1599 288 scriptis

7 351 9 360 .
103 303 236 367 44444444
262 309 291 368 44
323 306 466 372 Godioem
488 308 550 370 bos·
568 311 649 390 ipsos
672 309 828 373 continen·
881 308 959 368 Petri
974 305 1011 368 de
1029 305 1201 372 Tarantasia
1220 300 1484 377 notaverantscd
1504 317 1596 380 quam

7 385 9 478 ξ
104 408 169 460 tem
186 401 313 462 certiora
329 400 501 464 doceant*
752 427 756 434 ·
819 469 822 478 ,
880 417 940 462 non
957 400 1014 460 nisi
1030 405 1229 477 postmortan
1247 393 1598 458 innocentiiV.duobus

150 493 408 558 innocentius
429 495 463 558 V.
483 499 572 558 antea
593 497 701 558 Penas
717 493 755 558 dc
772 495 828 558 To·
852 571 854 576 Δ
879 493 968 554 44444
983 497 1051 570 post
1078 492 1108 556 S.
1126 492 1274 552 Thamara
1293 489 1428 555 defuncti
1453 489 1597 568 scriptam

7 647 9 678 ,
102 587 824 668 rmrmsiailurgnndiae:PrimusexOrd.Pracd.
879 602 958 662 esse,
976 584 1116 651 laudatus
1137 583 1277 657 Quetiius
1300 590 1373 644 tom.
1391 586 1420 647 4.
1439 599 1505 662 pag.
1527 579 1596 644 333.

7 723 8 728 1
104 683 196 760 Papa,
216 697 271 760 per
290 699 403 762 paucm
423 697 546 756 menses
562 682 618 746 44.
638 684 726 748 4276.
742 701 760 746 4
775 685 825 748 20.
878 679 1061 762 observavit.
1086 677 1214 752 Virtutes
1231 677 1305 756 ocni
1315 676 1379 752 Dei,
1396 677 1529 738 carmine
1543 675 1595 738 de·

105 776 230 837 444444.
242 775 282 836 ad
300 776 349 839 28.
363 778 434 840 444.
451 778 495 838 444
513 777 562 838 4444
578 776 707 840 lacobus
724 778 828 850 Qnetii
877 773 1007 852 scriptae
1033 779 1066 834 et
1087 771 1125 834 ad
1148 772 1360 850 imperatorem
1384 767 1595 855 (iludoipbum)

105 876 181 930 44444
202 871 231 933 4.
253 871 390 947 scriptor.
420 871 637 936 0444444444,
669 887 734 950 pag.
756 871 828 934 350.·
878 881 948 928 oum
963 883 1040 946 agno
1056 867 1110 928 Dei
1127 862 1343 938 missae,·liSS.
1363 863 1468 924 Oronti
1486 863 1515 922 in
1532 861 1599 923 Gol-

104 977 299 1038 semenque
314 963 431 1041 scripta
443 959 514 1041 ejus
528 963 640 1026 reterre
657 963 754 1042 iuuat.
769 965 826 1028 4444-
878 959 954 1040 lepio
968 958 1109 1038 Corporis
1126 957 1237 1020 christi
1255 973 1284 1017 4.
1302 954 1371 1018 237.

103 1053 238 1132 prtum
269 1053 491 1134 spanum,
512 1075 550 1118 ex
571 1075 632 1138 quo
663 1041 824 1120 nonnullae
918 1052 1173 1116 innocentius
1189 1051 1341 1114 vtactea
1358 1047 1526 1128 Stephanus
1545 1045 1598 1110 dl·

104 1146 187 1226 apud
203 1148 393 1226 Raynaidum
404 1152 434 1212 in
445 1150 614 1214 Annalibus
629 1149 668 1212 ad
683 1151 719 1214 it.
735 1149 825 1213 4276.
880 1143 960 1208 berti
974 1147 1005 1210 F.
1023 1147 1258 1220 lemovicensis,
1284 1147 1361 1224 Papa
1378 1144 1416 1206 ab
1432 1143 1492 1222 nn.»
1507 1143 1594 1206 4352.

105 1240 213 1320 Stepb.
234 1241 379 1304 Tbomam
401 1243 535 1324 snoges
555 1245 621 1306 sive
641 1245 771 1322 Soegum
792 1245 821 1304 in
877 1240 948 1302 4444.
966 1240 1014 1301 18.
1031 1240 1068 1302 ad
1087 1240 1121 1301 44.
1139 1239 1226 1310 4362.
1244 1239 1327 1319 Sept,
1342 1238 1390 1300 43.
1408 1235 1448 1297 de
1465 1253 1525 1315 quo
1538 1240 1594 1298 Ba·

7 1413 8 1418 ¹
104 1336 175 1394 anni
197 1335 384 1396 Dominicani
406 1353 511 1408 rnense
543 1337 633 1400 444444
652 1337 710 1400 44.
732 1338 823 1400 4683.
878 1332 1021 1396 44444444
1039 1334 1126 1412 Papia
1140 1331 1403 1396 avenionensibus
1421 1337 1482 1392 tom
1517 1333 1543 1392 4.
1566 1348 1597 1410 p.

102 1425 184 1488 odito
205 1427 318 1490 Gallice
337 1435 369 1489 et
390 1432 511 1518 Petrum
533 1433 654 1494 iterium
670 1433 774 1510 Campi
791 1433 821 1496 in
877 1427 946 1510 344·
963 1443 1026 1506 seu·
1044 1429 1104 1488 948
1120 1426 1208 1490 tias.
1224 1443 1288 1505 seu·
1302 1424 1377 1504 Eius
1391 1422 1598 1505 440444040Νο

7 1553 9 1566 =
103 1521 229 1582 bistonio
250 1521 482 1599 Ecclesiastica,
511 1524 678 1589 Placentiae
699 1525 822 1602 vulgata
879 1519 1033 1583 Volumina
1051 1522 1108 1584 XV.
1126 1520 1244 1584 inllibi.
1259 1521 1595 1590 Vaticanaasservaria
1677 1539 1680 1552 ·

7 1633 8 1690 3
108 1611 212 1672 italice
233 1629 300 1690 pua
317 1609 386 1674 4488.
409 1629 472 1691 seq.
486 1613 623 1676 Pastillus
640 1629 734 1692 super
750 1613 824 1674 Pen-
882 1615 986 1676 multis
1008 1614 1165 1680 traditum:
1189 1630 1229 1678 ax
1254 1613 1365 1694 quibus
1388 1617 1500 1692 petitae
1520 1629 1599 1692 quas

102 1703 285 1778 abaciam,
308 1704 454 1782 44444444,
490 1705 625 1782 uanum,
648 1708 769 1781 44444444,
791 1713 828 1780 et,
880 1706 1001 1768 edidere
1024 1710 1165 1784 44444444,
1190 1705 1375 1785 Raynaidus,
1397 1705 1595 1784 Waddingus

102 1815 181 1876 quae
203 1798 263 1862 sub
283 1797 403 1862 Nr'coiat'
420 1798 465 1860 do-
478 1799 642 1864 8044444
655 1801 680 1876 a)
703 1801 824 1862 nomine
878 1801 1050 1880 llegiatrum
1073 1801 1225 1881 Epistolas
1250 1800 1455 1880 complectens
1474 1799 1558 1862 CCL.
1579 1815 1599 1863 a

103 1893 186 1971 typis
198 1895 369 1972 4444444444
381 1894 524 1972 leguntur
535 1894 566 1956 in
578 1891 711 1973 Epistola
725 1891 823 1956 Pauli.
876 1894 1040 1958 ZENOlth
1052 1896 1193 1973 Magistro
1209 1894 1369 1959 coiectum
1391 1892 1515 1956 exhibet
1534 1893 1595 1954 Ed-

103 1987 321 2048 Commentnrii
345 1987 377 2047 444
396 1987 446 2049 iV.
478 1985 571 2048 libros
601 1989 823 2052 &abacorum
878 1987 1012 2050 mundus
1028 1989 1160 2050 44444444
1187 1994 1259 2048 tom.
1277 1987 1305 2048 2.
1325 1986 1505 2048 Aoecdotor.
1527 2003 1594 2066 pag.

7 2085 9 2106 ’
51 2081 54 2086 ’
101 2079 229 2140 Tolosae
244 2079 331 2141 4652.
350 2096 397 2158 sq.
414 2077 601 2156 Quodlibeta.
618 2080 769 2160 Opusculn
786 2078 823 2142 de
877 2080 1039 2144 843-4072.
1066 2081 1218 2160 Epistulae
1234 2079 1313 2151 duae
1337 2079 1418 2160 apud
1439 2081 1596 2144 baluzium

99 2169 352 2253 amdoteformae.
368 2173 551 2237 [4444444444
564 2173 652 2238 Coeli
668 2175 823 2238 0444444-
875 2181 948 2238 tom
967 2176 995 2237 2.
1015 2177 1119 2254 Paper.
1134 2172 1338 2236 Avenionens
1363 2190 1430 2253 pag.
1450 2172 1511 2236 752
1530 2191 1595 2254 seq.

99 2264 195 2326 nitate
226 2265 338 2327 liundr.
369 2267 413 2328 De
437 2265 587 2330 intellectu
606 2273 635 2328 et
658 2266 819 2330 Veluniate.
876 2269 1010 2348 Epistola
1022 2267 1059 2330 ad
1071 2269 1320 2332 cantuariensem
1332 2267 1597 2330 etEboracensem

101 2357 182 2418 libri
204 2358 400 2420 amatorem
414 2357 611 2432 abbreviatio,
633 2377 686 2440 per
706 2359 826 2424 nisan.
875 2361 1125 2440 archiepiscopos
1146 2360 1183 2422 de
1204 2355 1598 2442 cenomannensis

98 2452 224 2526 otionss,
241 2452 291 2513 ubi
309 2455 338 2512 in
354 2454 636 2530 constitutionibus,
652 2453 729 2532 iuris
746 2455 824 2532 peri·
876 2454 992 2536 44444444
1007 2457 1197 2518 Conlessoris
1212 2456 1242 2515 in
1259 2454 1376 2533 Angiia,
1393 2456 1535 2530 etaltera
1556 2451 1597 2530 ad

101 2547 163 2606 tia:
179 2547 211 2604 in
230 2544 467 2608 ordinationibus
481 2552 617 2626 potestas
632 2547 773 2626 legitimo,
791 2548 821 2608 in
878 2550 1029 2614 Praelatos
1056 2548 1184 2628 Angliao
1206 2548 1244 2610 de
1270 2547 1449 2612 celebmndo
1468 2546 1543 2629 festo
1563 2549 1596 2611 S.

99 2638 334 2700 executionibus
354 2639 573 2704 administratio
594 2641 742 2704 04444444
762 2648 824 2704 tra·
876 2640 1018 2704 Eduardi
1031 2643 1121 2720 liegis
1135 2641 1241 2703 obviae
1256 2649 1330 2704 sunt
1346 2644 1375 2705 in
1392 2642 1595 2706 044444444444

98 2731 193 2794 ditur.
229 2733 284 2794 Per
306 2733 445 2808 censos,
468 2749 545 2812 quae
570 2735 820 2801 accusationum.
858 2737 977 2796 =tomis
994 2736 1159 2797 Deoiarotio
1185 2751 1278 2814 super
1294 2739 1421 2798 statutis
1441 2735 1596 2798 Benedicti

98 2829 255 2889 actionum
275 2845 316 2889 ex
335 2828 438 2906 regula
457 2827 670 2908 gerendarum,
697 2835 729 2890 et
748 2829 822 2890 obii·
876 2831 942 2892 Xll.
960 2827 996 2890 444
1012 2827 1165 2892 senecia
1180 2827 1277 2908 4449444
1297 2831 1363 2888 sive
1383 2827 1596 2904 Benedictinis,

97 2922 258 2999 gntmnuru
278 2923 350 2982 4444
365 2923 539 2999 nuptiarum
559 2925 718 2984 contineat
733 2921 822 2985 disci·
878 2921 958 3004 apud
987 2922 1143 2986 baluzium
1172 2931 1245 2984 tom.
1268 2921 1295 2982 7.
1322 2924 1407 2986 44444.
1430 2939 1497 3001 pag.
1528 2923 1597 2984 455.

96 3013 233 3092 plicam:
246 3015 301 3074 Per
323 3013 583 3078 considerationes
600 3015 741 3094 denique,
754 3033 822 3096 pro·
875 3016 960 3080 444444
984 3014 1021 3078 de
1041 3014 1117 3097 sesto
1134 3014 1256 3080 44444444
1273 3021 1303 3076 44
1317 3011 1475 3078 clauorum
1490 3017 1597 3083 Crucis

98 3113 269 3184 sequentes
286 3108 553 3172 sanctificationem
575 3125 687 3184 terunt,
707 3115 823 3188 tempo·
874 3111 1002 3183 Domini,
1013 3109 1093 3172 edita
1107 3127 1146 3170 ex
1163 3108 1310 3172 tabulario
1323 3109 1442 3188 publico
1453 3108 1594 3172 Stadensi

98 3216 180 3274 rum,
208 3215 416 3277 personarum.
441 3201 579 3264 4444444444
604 3209 636 3264 44
665 3203 822 3266 mainan
875 3206 950 3266 aio.
970 3203 1097 3264 ilenrico
1111 3217 1170 3261 von
1185 3202 1294 3264 Seelen
1307 3202 1380 3265 diss.
1395 3203 1433 3264 de
1448 3202 1504 3264 hoo
1520 3203 1598 3262 iesto

95 3299 163 3356 4444
179 3295 212 3352 44
229 3293 351 3371 &nodo
368 3294 561 3374 lugdunensi
580 3297 615 3358 44.
630 3294 665 3356 Α.
684 3295 773 3360 tuit.
787 3301 822 3358 ut
875 3296 1041 3376 Flensburg
1056 3295 1144 3357 4745.
1162 3297 1189 3356 4.
1208 3295 1293 3374 §XV
1305 3303 1337 3358 et
1351 3299 1381 3357 in
1399 3296 1598 3374 miscellaneis
1681 3356 1685 3364 ,

96 3403 192 3466 quam
220 3385 330 3448 babuit·
349 3390 379 3450 in
400 3389 431 3450 8.
447 3389 680 3452 noanneane
695 3389 820 3452 iuuere:
875 3405 942 3468 pag.
959 3390 1028 3450 834.
1046 3387 1175 3451 Edidere
1191 3396 1223 3450 et
1238 3389 1287 3452 alii
1302 3389 1460 3460 abeodem
1482 3387 1596 3450 laudati

96 3488 128 3540 et
144 3479 294 3542 alterode
310 3479 478 3544 Concordia
492 3479 646 3546 ancusae
666 3482 818 3559 Graecae,
874 3502 903 3563 p.
920 3483 988 3546 402.
1000 3485 1157 3545 Praeterea
1169 3483 1599 3564 Sernoaesaliquot,i)eoretu

8 3617 9 3652 ,
96 3576 190 3651 cnjus
210 3573 378 3638 antistites
395 3593 465 3638 mox
484 3578 606 3638 venturi
633 3577 819 3640 4444444444-
879 3576 1093 3640 Ecclesiastico
1119 3583 1151 3638 et
1173 3577 1377 3642 Institutiones
1397 3595 1456 3659 pro
1481 3575 1599 3639 Foruli-

8 3701 40 3726 ,·
97 3678 159 3732 tur.
176 3671 332 3734 Postremo
348 3669 506 3734 3444444444
529 3671 613 3732 varii.
636 3672 711 3736 Nam
732 3672 820 3734 Gom-
875 3667 1030 3732 4444446444
1048 3671 1287 3735 memoratlud.
1306 3671 1566 3751 inconceptus.

8 3773 9 3848 l
95 3761 242 3840 pendium
258 3760 453 3841 Tbeoiogicae
474 3764 613 3828 veritatis
638 3767 752 3829 rectius
773 3781 820 3824 re
914 3764 1171 3827 lNNOCENTlUS
1185 3765 1247 3826 Vll.
1263 3771 1352 3830 antea
1367 3764 1526 3827 6444444444
1537 3763 1599 3824 lie-

8 3857 9 3862 ’
96 3856 194 3920 tertnr
222 3854 260 3916 ad
289 3855 474 3918 44446οΝ844
500 3855 763 3935 Argentincnsem,
784 3865 819 3920 nt
874 3854 1011 3932 44444444,
1031 3857 1253 3936 sulmonensis,
1273 3861 1350 3938 Papa
1373 3857 1411 3920 ab
1432 3859 1490 3918 lln.
1510 3856 1599 3919 4404.

95 3965 189 4028 supro
208 3954 280 4010 tom.
295 3948 323 4010 3.
341 3965 406 4028 pag.
423 3949 491 4010 344.
505 3955 608 4012 444444
622 3966 671 4010 me
685 3952 818 4012 memini.
873 3950 993 4012 octobr.
1017 3949 1065 4010 47.
1085 3949 1142 4012 44.
1166 3952 1253 4014 4406.
1276 3951 1437 4014 Novembr.
1464 3951 1508 4010 De
1529 3948 1596 4025 ejus

96 4042 271 4106 Ludovicus
287 4041 422 4106 lacobus
434 4040 679 4121 pentastemi.
700 4043 820 4106 Pontifi-
875 4039 1016 4102 0444444444
1036 4041 1073 4103 de
1093 4042 1306 4106 Ecclesrbstioa
1326 4043 1447 4117 44444444,
1471 4049 1502 4102 44
1521 4041 1596 4120 Epi-

95 4140 160 4198 ciae
187 4137 400 4200 innocentiam
428 4137 460 4198 V.
489 4133 581 4198 tradit
605 4136 697 4196 etiam
719 4137 819 4198 omnia
873 4130 956 4196 444444
990 4135 1071 4212 apud
1097 4134 1250 4198 44444444
1272 4137 1314 4198 64
1335 4136 1455 4198 (4444444
1478 4137 1508 4196 44
1529 4133 1598 4212 ejus

96 4227 241 4292 TilottAE
264 4226 426 4308 Auernalis
443 4243 534 4307 opera
560 4227 819 4308 incompendium
875 4228 937 4288 vita
969 4225 1172 4305 Waddingum
1205 4235 1276 4290 tom.
1299 4232 1327 4292 5.
1348 4228 1457 4291 Annai.
1491 4229 1593 4291 lilinor.

98 4325 234 4384 misisse:
252 4323 331 4384 inter
357 4321 446 4403 cujus
460 4322 591 4384 Thomas
606 4323 760 4400 opuscula
774 4331 819 4385 to-
874 4319 953 4384 idem
976 4319 1049 4383 444.
1079 4320 1218 4384 44444444.
1250 4319 1432 4405 Approbatio
1463 4319 1595 4400 1449444444

9 4457 10 4476 .
98 4433 146 4478 mo
165 4416 415 4496 xvl1.0perurn,
433 4417 463 4476 in
477 4415 631 4476 nonolooo
644 4416 819 4494 legiturlte—
873 4415 1021 4476 Frusinone
1035 4417 1225 4478 4484444444
1246 4415 1282 4478 de
1298 4414 1482 4480 Poendentt'o
1508 4413 1595 4476 Ordi-

97 4509 221 4588 sponsio
237 4507 276 4570 ad
296 4513 402 4572 Joann.
421 4509 663 4584 vercellensem,
688 4508 819 4574 Genera-
872 4510 920 4572 nis
934 4511 964 4571 8.
981 4507 1130 4570 coniciet
1144 4518 1246 4572 exstat
1261 4513 1291 4571 44
1308 4511 1416 4572 Laertii
1429 4509 1593 4572 Cherubini

99 4603 159 4664 4444
184 4603 361 4682 Magistrum
385 4603 456 4668 Ord.
485 4601 587 4664 Praed.
617 4601 654 4664 de
677 4605 818 4668 orn'enlis
879 4601 1007 4664 bullario
1023 4619 1131 4682 magno
1144 4611 1216 4666 tom.
1238 4607 1264 4666 4.
1280 4621 1345 4684 pag.
1364 4604 1433 4666 304.

913 4695 1168 4758 lliNOCENTlUS
1185 4698 1260 4758 Vlll.
1277 4705 1367 4760 antea
1387 4698 1433 4758 44.
1454 4696 1592 4776 Baptista

9 4875 11 4898 ,
139 4801 166 4862 a)
186 4800 246 4850 uiae
262 4815 347 4866 cupri,
365 4810 426 4854 nom.
438 4807 467 4857 -4,
486 4817 544 4868 pag.
565 4806 604 4856 71.
876 4783 965 4864 Cito,
980 4787 1164 4852 Genuertst's:
1180 4794 1256 4871 Papa
1271 4793 1308 4854 ab
1321 4792 1416 4854 Anno.
1430 4793 1518 4854 4434.
1530 4792 1592 4854 444-
