3562 5582
231 114 272 178 ro
348 91 350 94 ’
651 181 653 186 ,
729 109 1236 176 aoraasouaieus

228 225 370 298 excerpta
382 218 463 280 edita
474 218 595 280 suntab
616 217 724 280 illustri
737 219 952 282 balbutiret.
1017 271 1018 275 ,
1050 215 1218 280 Chremem
1233 213 1497 282 tlorwlcettsh.
1514 213 1698 292 mammaea,

228 314 413 392 scriptorum
430 313 703 376 brunsvicensium
725 331 754 391 p.
776 312 846 374 880.
864 311 932 374 ete.
1009 309 1101 372 liberi
1121 316 1151 372 et
1169 307 1307 394 meapte·
1319 304 1495 370 ,mammarii
1509 306 1700 382 dormiente,

245 402 586 479 *GOTHESCHALCUQ
599 421 701 482 supra,
714 402 954 466 GODTSGHAL·
1011 405 1136 468 Ordinis
1161 407 1192 467 S.
1221 398 1374 466 Benedicti
1398 399 1547 481 inferioris
1560 401 1701 478 taam,

231 499 313 564 GUS.
628 527 633 536 ·
658 533 660 538 ·
1007 498 1118 579 facien
1133 498 1279 560 aereae
1294 495 1437 575 aaquoe
1454 501 1485 556 et
1497 493 1605 561 medeae
1618 513 1702 578 utque

270 591 421 669 Anonymi
444 591 641 668 chronologia
664 596 696 650 et
721 591 816 652 series
837 591 951 669 llegum
1005 590 1048 656 ad
1061 595 1167 654 nostra
1181 595 1336 669 tempora,
1353 585 1455 651 deinde
1470 587 1596 666 eaedem
1612 605 1700 648 morra·

230 685 437 748 GOTllOlthl
454 683 492 746 ab
506 682 682 744 Attanarico
694 683 839 761 usquead
856 685 951 748 Caroli
1005 683 1095 746 rarsi
1121 681 1343 764 fitadatiaaem,
1360 695 1571 760 perpretata,
1591 685 1701 742 etatum·

229 777 377 853 llartelli,
401 779 585 840 Francorum
608 777 777 855 Principis,
798 783 951 857 tempora,
1007 794 1064 856 que
1086 775 1282 851 hodiernum,
1302 771 1466 848 architem,
1497 791 1539 834 em
1567 771 1701 836 eutem

231 870 312 949 apud
323 869 476 932 Andream
495 869 537 930 du
554 868 675 929 Chesae
694 875 766 932 tom.
779 871 812 932 l.
829 858 954 949 scripto
1010 869 1164 949 antiquit,
1181 867 1365 934 mammaea
1381 867 1635 940 etiarmmeatle,
1650 872 1702 930 aa
1735 866 1738 883 '

159 959 160 962 ’
231 981 298 1024 rum
316 962 355 1030 de
373 963 465 1024 rebus
482 965 666 1024 Francorum
684 978 750 1041 pag.
767 963 913 1026 eleeto.
1008 961 1267 1035 medictatem
1283 959 1440 1024 aetram
1455 958 1702 1040 depmmtamillro

270 1059 313 1118 lle
339 1058 452 1117 Bonae.
482 1053 637 1129 lfaleanii,
656 1054 814 1118 Friderici
827 1054 954 1117 Linden-
1007 1073 1138 1136 quomam
1157 1055 1293 1136 faciliori
1307 1053 1456 1120 arama
1483 1060 1581 1116 mmus
1597 1053 1703 1132 prodrc

231 1149 332 1230 broqii
347 1156 379 1212 et
390 1141 524 1230 amma
535 1147 635 1210 Grotii
645 1149 871 1214 collectionibus
881 1152 954 1212 sori·
1008 1155 1078 1212 raus
1094 1149 1130 1212 de
1151 1147 1305 1212 codicibus
1326 1146 1460 1228 amiqua
1485 1147 1701 1228 mammete,

230 1252 353 1324 piorum
375 1243 413 1306 de
430 1243 521 1305 rebus
542 1243 732 1316 Gothorum,
751 1239 951 1306 vandalorum
1007 1241 1044 1304 de
1060 1243 1282 1322 Imperatorum
1298 1257 1336 1304 ao
1352 1245 1462 1320 llepmn
1480 1240 1651 1302 6444444444
1664 1239 1702 1300 di·

230 1345 262 1398 et
280 1337 508 1417 langobardum
525 1336 626 1400 dicere
644 1351 693 1398 me
711 1337 834 1398 memini
853 1339 882 1400 in
905 1339 954 1398 Bt·
1003 1333 1206 1414 paramur,
1224 1335 1261 1398 de
1277 1335 1438 1398 eorundem
1452 1333 1584 1414 palatiis,
1598 1333 1706 1396 uillae

229 1431 379 1495 hliotbeea
398 1431 503 1492 Latina
521 1429 570 1490 lib.
590 1431 640 1491 lll.
657 1447 723 1509 cap.
744 1431 792 1492 47.
866 1479 869 1484 .
1007 1427 1373 1509 withamiensem
1389 1427 1425 1489 de
1441 1426 1706 1490 Germaniaemdii

271 1523 520 1598 dorestatae,
533 1521 707 1586 Gotaelinas
718 1523 954 1602 ,'aupre,GOS-
1006 1523 1078 1586 aeci
1092 1523 1192 1602 papie,
1203 1523 1428 1602 praemittite,
1445 1526 1474 1582 et
1486 1537 1530 1597 ea,
1550 1537 1626 1601 quae
1641 1521 1705 1582 cae·

232 1615 403 1680 SELlNUS.
590 1625 595 1630 ·
1007 1632 1168 1678 aereorum
1186 1617 1407 1696 ltepr'orumque
1428 1614 1608 1678 Germaniae
1623 1611 1704 1693 diple

269 1707 535 1772 *GOTThlthS
556 1706 649 1772 Stella
679 1727 716 1772 ex
735 1716 819 1789 patra
833 1712 953 1772 ‘Perone
1008 1714 1122 1772 malam
1149 1709 1380 1789 accinctionem,
1402 1708 1575 1783 materiam,
1592 1705 1703 1788 emtam

229 1805 345 1866 Donato
357 1805 538 1882 Saraouensl
552 1805 621 1864 cive
642 1811 732 1865 natus
753 1803 806 1866 sed
825 1805 853 1864 in
871 1805 954 1866 lami·
1005 1801 1215 1882 ·444444444444444,
1233 1807 1508 1880 momqrqmmcta,
1523 1796 1704 1879 sieilia-sah

231 1899 346 1960 millam
360 1897 485 1960 Stellam
507 1897 699 1960 Genuensem
714 1896 859 1974 adscitus,
871 1899 953 1977 lleip.
1008 1895 1346 1977 metamaucenses
1367 1893 1607 1973 cleombpiear,
1628 1897 1704 1972 alque

233 1991 406 2053 Genaensis
422 2007 471 2052 an.
495 1989 584 2052 4455.
605 2007 624 2052 a
645 1992 771 2052 seeretis
788 1993 835 2054 vir
855 1997 954 2052 aetate
1008 1989 1051 2052 od
1065 1987 1251 2068 potationem
1268 1997 1298 2051 et
1315 1987 1459 2052 vilarum
1478 1987 1704 2066 repleremur

234 2099 288 2144 sua
311 2082 515 2157 doctissimus,
528 2089 561 2144 et
573 2083 745 2162 eloquentia
764 2084 884 2158 claras,
906 2100 956 2144 eo-
1007 2099 1175 2162 permmque
1198 2083 1378 2146 aemonae
1398 2080 1512 2144 medelae
1526 2085 1616 2142 atum
1626 2077 1706 2162 perti

229 2192 295 2253 que
316 2177 437 2237 nomiae
458 2175 568 2236 aviris
589 2177 718 2236 summis
744 2177 854 2238 aetatis
876 2177 955 2238 iliius
1009 2181 1096 2252 nent,
1118 2174 1329 2254 eapticaatar,
1347 2179 1393 2251 el,
1412 2173 1536 2255 adjectis
1556 2171 1707 2254 memini·

234 2269 395 2330 Franciaco
429 2267 579 2340 Barbam,
597 2266 827 2333 bartholomaeo
858 2269 954 2348 Facio,
1010 2265 1279 2348 testatumque
1296 2270 1395 2342 ltili,
1418 2267 1488 2330 ceri
1510 2267 1629 2340 aeae,
1651 2263 1709 2326 rtu-

234 2361 358 2435 lllondo,
371 2360 524 2440 Philelpbo
545 2360 720 2436 clehratud3
740 2360 778 2422 de
799 2379 859 2440 quc
880 2363 955 2424 haee
1009 2368 1158 2425 amarum.
1172 2363 1406 2444 TmaaeI.Fppir
1415 2360 1709 2440 ltcuasteriillrpetrr-

233 2455 339 2516 Franc.
361 2453 510 2516 harbanio
532 2455 563 2513 ln·
593 2455 689 2533 Epist.
708 2455 770 2518 'iss
791 2455 828 2516 ad
849 2457 956 2518 Fertu-
1009 2457 1122 2519 semaia
1143 2459 1175 2518 8.
1194 2456 1470 2532 Benedicti-'l732,
1495 2457 1542 2518 tol.
1570 2455 1637 2533 maj.
1664 2454 1708 2516 llic

181 2557 184 2564 '
233 2551 334 2608 cium:
358 2547 480 2622 04444444
500 2547 558 2608 sim
570 2544 955 2611 bmevoleatiacoaiunetae
979 2585 984 2596 ·
1010 2551 1118 2612 titulus
1133 2553 1250 2630 integer
1266 2554 1339 2612 torni
1359 2553 1447 2631 primi
1464 2551 1560 2630 operis
1577 2547 1708 2610 luculenti

235 2657 303 2701 cam
319 2637 414 2718 clara
430 2645 461 2700 et
475 2639 657 2703 dieserdmis
668 2639 747 2704 ciris
764 2639 870 2721 laeolro
879 2641 955 2704 Bra·
971 2701 976 2710 ,
1008 2651 1101 2723 alque
1117 2647 1243 2724 egregii,
1261 2643 1341 2724 quod
1358 2652 1427 2724 post
1442 2642 1596 2706 llabillnoii
1611 2686 1619 2717 ,
1632 2643 1709 2718 Pape-

235 2731 307 2794 cello
328 2737 357 2793 et
373 2731 527 2794 Gotharda
543 2734 732 2796 sairanem·
749 2751 808 2796 non
824 2735 954 2814 quaeat.
1009 2737 1122 2798 brocbii
1134 2745 1166 2798 et
1179 2737 1316 2800 lliclrelsii
1331 2735 1447 2799 labores
1462 2737 1554 2798 laeam
1568 2737 1611 2795 rel
1627 2731 1709 2811 diple

233 2826 279 2888 lld
302 2827 383 2888 bane
404 2829 517 2904 pariter
548 2827 715 2890 Gotardurn
742 2829 846 2890 datam
867 2828 957 2890 credo
1010 2832 1137 2894 melicae
1164 2831 1302 2892 accendit
1322 2829 1591 2909 splendidissimam
1606 2871 1614 2902 ‚
1629 2834 1659 2887 el
1672 2825 1710 2884 bi-

234 2918 373 2998 ejasdam
405 2919 529 2982 Barbari
549 2922 637 3000 epist.
659 2922 719 2985 4448
739 2919 895 3002 appendic.-
919 2921 955 2984 ad
1010 2926 1120 2986 storias
1136 2941 1172 2985 ae
1187 2923 1391 3003 Gangrapbiae
1410 2923 1550 2984 German.
1567 2920 1653 2983 medii
1669 2934 1709 2978 ae-

104 3065 110 3074 ,
235 3011 402 3075 (lotarium
420 3015 605 3092 inscriptam.
810 3043 813 3046 ·
1009 3019 1040 3076 vi
1059 3013 1297 3097 insignissimum
1311 3013 1709 3096 lumenprselertpraeierel·

275 3105 408 3170 Gotcrdi
428 3105 541 3170 Stellae
562 3108 724 3170 lanaeum
741 3111 855 3188 [utpote
873 3110 958 3172 lami·
1010 3127 1080 3188 que.
1096 3111 1183 3173 Hunc
1196 3113 1328 3190 primam
1341 3112 1470 3190 excipiet
1482 3109 1558 3170 alter
1573 3105 1708 3180 temneat

233 3202 291 3263 liae
304 3199 459 3263 Geaaeusi
474 3202 628 3280 adscripti)
646 3201 752 3262 04444444
769 3200 811 3264 ad
823 3200 910 3262 Fiam
925 3203 960 3262 ΙΙ
1010 3204 1062 3280 qui
1090 3203 1257 3266 redivivam
1285 3205 1380 3266 velati
1398 3197 1630 3282 repraesentabit
1643 3195 1710 3256 ceti·

184 3318 186 3322 ·
236 3293 958 3374 quemtuncbabitamcredoeumlegalicneeiu-
1010 3303 1149 3375 quoiast
1166 3295 1644 3369 montemmaranum
1659 3297 1710 3348 ter-

234 3387 320 3446 sdem
330 3386 454 3465 helped
467 3387 641 3452 Pontificem
657 3390 781 3466 iveriae:
793 3389 875 3450 euim
895 3389 957 3450 obi·
1010 3391 1103 3450 ruinis
1122 3395 1154 3451 et
1174 3390 1344 3466 limitibus,
1365 3391 1474 3469 quihus
1495 3387 1626 3465 styriam
1651 3397 1709 3442 ver-

234 3477 288 3553 rit)
307 3478 493 3556 iungeretur.
509 3478 610 3544 Oratio
625 3480 700 3542 baec
712 3483 743 3542 in
758 3481 868 3544 Codice
885 3482 955 3546 olim
1009 3498 1079 3559 sus,
1101 3483 1294 3563 reliquasque
1314 3483 1441 3544 cortinis
1461 3480 1646 3561 provincias,
1661 3475 1709 3535 cir·

236 3569 402 3634 Alexandri
423 3571 538 3634 Patavii
559 3574 739 3636 Parisiensis
760 3582 903 3651 servata,
924 3577 954 3636 lo
1006 3575 1707 3656 cumscripteesteddetquaretue'bagmsnlum

234 3663 372 3726 biblioth
390 3663 565 3726 Vaticanum
582 3667 670 3728 ruodo
682 3670 830 3732 translata
845 3671 893 3732 e'st
913 3669 937 3725 *.
1008 3668 1093 3732 Hier.
1105 3669 1265 3749 deprimi,
1281 3671 1414 3748 itemque
1432 3667 1575 3731 Chartam
1591 3663 1709 3742 amere

274 3756 509 3837 vitiaremur
521 3760 696 3824 elimenes
710 3761 860 3826 salebia
872 3762 952 3825 erL
1004 3759 1126 3840 phicam
1143 3761 1298 3826 diarrhiae
1319 3759 1481 3824 0444444444
1496 3761 1560 3820 sive
1576 3753 1708 3818 Aurum

273 3851 518 3926 corruisti-S,
544 3854 611 3914 sive
644 3855 848 3920 GUTOLFUS
874 3858 952 3918 circa
1006 3855 1100 3916 medii
1113 3855 1201 3934 aeui,·
1215 3857 1284 3918 binc
1301 3857 1445 3938 originem
1463 3865 1640 3928 omnemque
1655 3853 1709 3907 sta·

232 3943 355 4008 hunum
371 3943 450 4009 ⁴270
467 3947 602 4008 carmine
629 3947 806 4010 hexametro
831 3951 953 4030 scripsit
1007 3957 1072 4011 tum
1095 3945 1488 4024 MouasleriiGotmicensis,
1505 3961 1601 4024 aeque
1617 3943 1709 4002 minus

232 4033 326 4100 adom
343 4039 374 4100 S.
390 4035 542 4100 emeret
563 4039 834 4118 Claraeralleaeis,
851 4043 910 4104 ltS.
921 4045 951 4104 in
1006 4045 1101 4105 vitam
1118 4041 1291 4120 Alemanni,
1309 4042 1472 4104 conditoris
1485 4048 1516 4103 et
1533 4035 1706 4106 laudatoris,

232 4131 413 4194 llonasterio
445 4132 663 4194 Cremibnensi
684 4133 806 4196 Ordinis
826 4134 952 4198 henedi-
1006 4146 1038 4198 et
1056 4137 1201 4199 Chartam
1210 4135 1449 4218 tieoqraplticam
1462 4129 1707 4214 flajmrrbe,aive

232 4227 305 4286 otini
322 4227 354 4286 in
369 4224 502 4288 Austria.
520 4227 647 4306 incipit:
667 4227 693 4287 0
712 4228 754 4288 Ta
773 4228 872 4290 Titani
886 4245 953 4290 ero·
1006 4231 1186 4291 Noricorum
1211 4231 1363 4308 Decedet,
1391 4246 1450 4298 una
1477 4245 1547 4288 curn
1572 4217 1709 4285 Mareliir

235 4331 319 4377 ceam
334 4318 389 4398 qai
400 4317 504 4382 cedere
522 4337 613 4382 marre
623 4320 778 4402 praecipis
794 4339 950 4383 auroram.
1006 4321 1292 4406 septentrionalibus
1306 4341 1402 4406 capro
1412 4321 1541 4382 Aeaeam
1550 4312 1708 4384 estimem

274 4410 453 4490 Aaonpmus
483 4415 754 4478 GOTWlGENSlS
782 4418 866 4494 ‘circa
891 4416 952 4477 lla-
1006 4422 1177 4498 pariterque
1203 4419 1355 4481 Drecatam
1378 4413 1618 4484 clamosarum
1646 4419 1708 4468 ³²¹⁸

233 4505 398 4566 uumll3⁰
413 4509 534 4588 scripsit
549 4507 648 4571 Vitam
660 4509 694 4569 ll.
706 4507 867 4570 Admonui
880 4510 951 4588 lipi-
1536 4543 1540 4554 ·

233 4599 315 4675 scopi
332 4600 559 4679 passaviensis,
573 4604 729 4684 vulgatam
745 4621 764 4666 a
781 4606 815 4668 V.
831 4604 864 4667 C.
883 4605 950 4666 lile·

232 4703 359 4796 ronyrna
376 4693 433 4751 Per
450 4697 523 4754 tom.
543 4697 569 4755 l.
586 4699 769 4778 scriptorum
794 4699 832 4762 de
858 4699 948 4761 rebus
998 4743 1056 4795 Μ,
1075 4729 1129 4780 m,
1145 4727 1268 4780 puppe„
1291 4729 1345 4778 „aa
1363 4717 1521 4780 ,4444444444
1537 4721 1652 4772 orbetur
1667 4717 1709 4766 aar

231 4781 399 4848 bustruaria
415 4799 481 4864 pag.
504 4791 557 4849 444
575 4834 581 4864 ,
599 4807 663 4868 seq.
800 4839 801 4844 1
998 4807 1131 4858 celebrem
1148 4810 1183 4856 4444
1201 4804 1297 4864 seren,
1315 4804 1405 4854 artarer
1420 4801 1483 4860 seua
1499 4811 1560 4862 pap.
1576 4793 1629 4848 ¹⁹5·
1643 4805 1693 4854 req.

1046 4655 1072 4718 ⁸)
1088 4656 1149 4706 vtua
1166 4653 1244 4718 eruet
1261 4666 1288 4715 p.
1305 4655 1374 4704 xxti.
1390 4665 1430 4714 sq.
1445 4643 1592 4700 aaaarud.
1604 4648 1631 4696 4.
1648 4639 1711 4690 iret.
