3608 5604
810 55 916 120 LEO
1547 61 1607 125 tlt

114 179 173 242 pus
186 163 340 237 Ostiensis,
352 166 651 244 scripsitlogmtiam
666 165 793 244 oderisi,
805 171 831 246 4)
887 171 987 226 terum
1020 167 1305 234 monumentorum,
1329 162 1357 218 in
1390 179 1448 240 qua
1481 173 1606 226 4444444

112 256 239 318 Abbatis
257 259 312 318 dn.
330 258 417 319 4087.
436 259 632 334 casinensis,
650 262 738 338 eique
752 261 845 344 dica-g
886 257 1003 320 llldliCl
1026 259 1146 330 Poetae,
1168 253 1305 333 discipuli
1325 255 1355 315 S.
1372 257 1524 319 Benedicti
1541 277 1606 320 car-

114 353 159 410 444
177 349 320 412 Cllronici
339 351 512 416 Casinensis
529 351 619 412 libros
638 352 677 412 ab
697 354 780 414 obitu
801 357 832 418 S.
887 369 956 410 men
978 351 1142 429 elegiacum
1164 348 1201 408 de
1227 350 1288 416 situ
1313 354 1601 430 constructioneque

113 444 267 520 Benedicti
285 462 376 521 quem
395 447 431 504 in¹
443 445 478 506 Α.
490 446 522 507 G.
541 446 608 508 448.
623 448 666 504 ait
681 446 833 526 incidisse,
887 443 1025 504 Coenobii
1048 443 1234 505 casinensis.
1252 445 1366 517 -l’orro,
1386 445 1413 517 4)
1426 444 1602 522 Capitulum

114 553 211 616 nsque
228 537 265 598 ad
282 537 405 603 Annum
423 539 543 598 circiter
561 537 649 600 4078.
662 541 736 600 llam
755 559 832 618 quae
886 537 1132 614 dquisgranense
1147 536 1325 596 LUBOVlGl
1345 537 1419 614 imp.
1433 538 1470 598 Α.
1488 541 1520 600 C.
1537 538 1605 602 847.

112 629 150 690 ab
177 636 314 690 extremo
344 632 452 709 capitis
483 629 621 694 XXXIV.
654 632 720 693 libri
752 637 831 696 tertii
887 630 1053 690 4444444444
1073 637 1105 689 44
1125 630 1278 690 4444444444
1298 630 1505 690 observandos
1537 635 1608 692 arti-

114 729 287 800 sequuntur
309 740 405 801 usque
425 723 464 786 ad
483 723 573 784 444444
591 723 659 801 ejus
677 725 753 802 libri,
767 728 832 788 sive
886 723 971 784 orrlos
994 721 1100 796 lxix,
1123 725 1320 801 praecipiens.
1342 724 1370 798 B)
1389 724 1608 784 Binrseleetio-

111 814 150 876 ad
171 822 263 894 caput
284 818 415 878 LXXIV.
431 823 522 895 atque
543 815 580 878 44
602 817 833 882 4444444444.
889 816 937 874 444
969 814 1093 877 4444444
1120 817 1317 888 casinensis,
1346 819 1379 874 et
1400 813 1458 893 ’444
1491 818 1607 876 ratione

114 907 202 970 4087.
222 908 410 970 Desiderinm
429 909 761 990 dbbatem,qniidem
786 917 834 976 Vi·
888 909 1024 970 Pontifex
1056 926 1121 970 eam
1160 907 1326 970 confirmet·
1350 917 1441 986 atque
1472 908 1608 970 ordinato

113 1007 179 1061 ctor
193 1001 244 1063 444.
272 1004 370 1080 Papa,
388 1002 437 1064 illa
454 1001 556 1064 addita
577 1009 685 1064 sunta
707 1005 834 1070 PBTBO
887 999 995 1062 Abbati
1026 1001 1194 1064 benedicat.
1217 1002 1246 1073 3)
1279 1003 1381 1064 Officia
1404 1002 1432 1060 8.
1455 1001 1607 1062 Benedicti

111 1095 261 1170 Diacono,
278 1111 369 1173 quem
395 1097 491 1156 Leone
518 1095 606 1174 longe
634 1105 782 1174 gravitate
803 1107 835 1160 et
888 1101 921 1154 et
941 1097 974 1156 B.
995 1097 1127 1173 Virginis
1148 1114 1164 1157 4
1190 1096 1271 1156 mille
1297 1097 1386 1156 annis
1413 1095 1491 1174 apud
1528 1098 1609 1158 Casi-

112 1189 293 1248 auotnritate
320 1186 496 1246 interiorem·
528 1194 611 1248 notat
639 1189 833 1253 liabillonius.
890 1205 1002 1248 nenses
1023 1189 1195 1264 celebrata,
1213 1195 1243 1250 et
1264 1189 1403 1249 Officium
1426 1191 1458 1249 B.
1480 1189 1609 1266 Virginis

112 1279 160 1340 Ab
176 1278 282 1340 eodem
302 1277 565 1356 Petroadjuoctus
580 1289 627 1344 444
640 1281 836 1364 4444444444-
889 1280 1032 1342 444444444
1046 1282 1179 1344 ,solitum
1212 1281 1356 1360 quotidie.
1380 1283 1406 1356 4)
1432 1281 1609 1343 4044444444

112 1377 161 1434 bis
177 1378 209 1432 et
222 1371 342 1434 dicatus
356 1371 499 1434 Bainaldo
512 1375 547 1434 lt.
559 1374 666 1456 Abbati
678 1379 834 1439 Casinensl
890 1375 940 1435 lll.
954 1375 1028 1452 lmp.
1042 1376 1194 1453 Epistulae
1207 1377 1253 1436 lV.
1266 1385 1297 1434 et
1316 1375 1608 1451 unaBYCllYYZAE,

112 1474 205 1544 atque
225 1463 396 1540 cardinali,
415 1466 646 1546 Chroniennque
675 1469 746 1530 illud
769 1487 836 1550 per-
889 1484 956 1543 eJus
979 1470 1089 1528 uxoris.
1113 1467 1141 1541 5)
1163 1468 1316 1544 Epistulae
1338 1475 1401 1526 tres
1417 1466 1608 1538 curantur,

113 1559 198 1620 ducit
218 1559 256 1620 ab
276 1558 394 1620 Oderisi
415 1557 541 1620 Abbatis
568 1561 715 1624 electione
738 1579 835 1640 usque
889 1558 1014 1620 dbbutrs
1036 1561 1247 1620 casinensis.-

112 1652 150 1714 ad
173 1652 303 1714 electum
328 1651 468 1714 abbat-em
505 1653 695 1732 llaynaldum
735 1657 770 1715 ll.
803 1662 834 1714 et
930 1654 1040 1714 Boutae
1075 1652 1161 1712 4070.
1195 1652 1244 1712 444.
1276 1651 1434 1730 rlppendix
1460 1651 1497 1712 44
1521 1659 1608 1713 44444
1662 1643 1666 1654 ’
1793 1681 1795 1738 3

113 1751 241 1806 mortem
263 1745 320 1805 An.
346 1745 432 1806 4438.
460 1743 489 1805 7.
510 1748 633 1808 444444.
653 1748 715 1807 anti
738 1749 834 1824 Papae
889 1746 994 1823 dugeli
1027 1747 1118 1806 llucei
1152 1747 1219 1805 sive
1249 1744 1286 1804 de
1318 1746 1420 1820 Nuce,
1446 1747 1607 1822 separatim

114 1837 249 1900 dnacleti
268 1837 402 1898 secundi.
426 1839 458 1897 ln
478 1839 778 1917 praelationeautem
802 1842 835 1901 li·
890 1839 1012 1916 vulgata
1033 1838 1070 1897 de.
1092 1855 1150 1916 qua
1184 1836 1350 1906 4444444444
1382 1839 1514 1898 [iterium
1542 1855 1610 1898 eru-

113 1928 159 1990 bri
174 1930 271 2008 quarti
285 1929 393 1990 Petrus
409 1937 541 1992 44444444
555 1947 588 1991 44
606 1948 683 2009 quae
703 1935 833 2011 scripsit,
889 1932 1019 1993 ditorum
1042 1921 1209 1992 Bomanum
1232 1931 1320 1991 dnno
1343 1929 1431 1990 4470.
1453 1947 1520 2009 pag.
1540 1931 1606 1991 400.

114 2023 304 2102 decerpsisse
322 2039 365 2083 em
381 2021 522 2102 registris
540 2025 742 2086 Romanorum
762 2025 835 2086 Pon-
928 2024 1082 2086 Mediolani
1095 2023 1227 2101 denique
1239 2024 1326 2083 4783.
1341 2023 1387 2082 444.
1407 2029 1488 2082 tomo
1500 2031 1608 2100 quarto

116 2115 246 2195 alicam,
275 2117 457 2177 GBEGOllll
481 2117 541 2178 llll.
564 2123 595 2176 et
619 2134 833 2182 successorum
889 2117 1022 2176 thesauri
1040 2117 1141 2177 ltaliae
1156 2118 1367 2190 Muratoriani,
1387 2133 1527 2176 recusum
1545 2132 1612 2194 pro-

114 2211 200 2284 4444,
221 2215 340 2270 caetera
370 2210 479 2288 partim
501 2227 540 2270 ex
561 2208 759 2272 4444044444
784 2215 835 2274 84-
889 2209 965 2270 didit
987 2211 1156 2270 chronicon
1179 2210 1236 2270 hoc
1259 2212 1318 2282 ita,
1340 2225 1374 2269 ut
1395 2209 1487 2269 editio
1504 2207 1610 2286 dugeli
1735 2249 1739 2258 .

114 2301 242 2362 niorecti
274 2301 415 2362 hausisse
424 2291 436 2376 ‚'
459 2305 568 2381 partim
591 2305 686 2364 oculis
709 2307 836 2383 propriis
889 2304 926 2364 de
941 2305 1022 2364 liuee
1037 2309 1069 2362 44
1081 2302 1231 2381 appendix
1248 2309 1376 2379 utraque
1394 2303 1510 2380 integra
1527 2301 1611 2361 exiri-

116 2395 249 2472 vidisse,
270 2395 318 2455 vel
341 2397 526 2474 comperisse
547 2414 585 2456 ex
609 2398 744 2460 Priorum
766 2415 835 2462 suo-
888 2397 1014 2472 beatur,
1031 2403 1123 2474 atque
1140 2413 1176 2456 ex
1190 2413 1225 2456 eo
1242 2394 1405 2471 descriptio
1416 2396 1525 2454 Montis
1537 2394 1611 2455 Cas-

115 2505 183 2548 rum
205 2489 254 2550 vel
276 2489 402 2550 aliorum
425 2487 558 2549 [idalium
582 2491 737 2552 relatione.
767 2494 835 2552 Pro
890 2491 968 2564 sini,
985 2491 1075 2550 etiam
1089 2490 1210 2550 ¹auctior
1227 2487 1338 2548 additis
1356 2488 1467 2548 tabulis
1484 2505 1553 2548 4444
1566 2491 1611 2548 44-

115 2579 171 2640 4444
187 2581 354 2659 chronicon
376 2582 542 2642 casinense
566 2583 699 2642 venetiis
722 2585 835 2644 45434
889 2584 961 2642 44444
982 2600 1020 2641 444
1042 2581 1200 2642 llablllonii
1225 2588 1296 2639 tom.
1319 2582 1348 2639 B.
1369 2581 1531 2641 Annalium
1555 2585 1610 2641 lle-

116 2675 273 2752 vulgatum
291 2689 307 2734 a
326 2673 487 2734 4444444444
505 2676 662 2734 vicentino
681 2677 834 2738 44444444.
892 2675 1121 2735 nediotlnorum.
1141 2672 1222 2734 idem
1240 2672 1427 2732 litabillonins
1446 2681 1529 2733 notat
1542 2677 1612 2733 Leo-

159 2769 248 2827 44444.
273 2767 349 2829 4603
371 2767 419 2827 444.
441 2783 510 2827 cum
529 2765 666 2828 dimoinn
684 2769 721 2829 de
742 2773 836 2847 gestis
892 2785 960 2827 nem
979 2767 1035 2828 hoc
1048 2769 1077 2826 in
1091 2781 1182 2843 44444
1196 2781 1284 2825 usum
1297 2779 1365 2823 esse
1377 2765 1506 2840 quodam
1519 2764 1599 2826 Clrro

118 2857 570 2934 Francorum,edentelacobo
586 2856 837 2936 Broulio,llona-
890 2859 956 2919 nico
992 2858 1151 2920 loannis
1188 2856 1332 2930 lunens,
1367 2858 1418 2934 qui
1438 2859 1555 2934 primus
1581 2859 1609 2916 in

117 2953 174 3013 cbo
196 2953 227 3013 S.
248 2952 389 3012 Germani
410 2969 427 3012 a
451 2954 556 3014 Pretis.
891 2955 991 3030 Capua
1026 2968 1104 3012 nova
1142 2949 1356 3011 Monasterium
1392 2951 1536 3009 extruxit.
1569 2951 1611 3009 Be

158 3045 279 3124 Neapoli
313 3047 399 3107 4640.
424 3029 451 3105 i.
483 3062 553 3106 cnm
583 3047 663 3108 notis
694 3045 840 3108 4444444444
892 3045 947 3106 hoe
969 3047 1103 3117 444444,
1121 3046 1172 3121 qui
1187 3043 1243 3104 An.
1262 3042 1331 3102 034.
1353 3042 1439 3116 obiit,
1462 3040 1612 3102 videndus

119 3137 280 3214 Laurenti,
302 3139 440 3218 llispani,
456 3136 484 3217 4))
503 3138 630 3217 ejusque
652 3139 778 3201 diatriba
799 3141 837 3202 44
892 3141 950 3198 Len
964 3137 1014 3198 lib.
1039 3140 1066 3197 l.
1088 3153 1153 3214 cap.
1177 3135 1224 3196 53.
1244 3135 1291 3194 44.
1307 3135 1391 3194 0444.
1410 3135 1544 3212 Baptista
1554 3136 1613 3194 lla-

120 3231 301 3291 monachatu
323 3231 456 3310 Gregorii
478 3234 515 3292 ld.
528 3238 561 3292 et
578 3233 775 3294 translatione
792 3241 837 3294 at·
892 3229 1002 3290 44444
1024 3229 1102 3289 Petri
1126 3229 1245 3288 Diaconi
1268 3243 1334 3303 cap.
1356 3228 1404 3287 30.
1425 3227 1463 3286 dn
1485 3229 1558 3286 viris
1580 3227 1613 3287 il·

118 3339 178 3400 qrre
199 3324 362 3383 existentia
382 3325 515 3402 eorporis
536 3325 567 3385 S.
588 3325 742 3386 Benedicti
767 3325 835 3386 ibid.
891 3324 980 3382 lustr.
1002 3320 1220 3382 casinensibus
1253 3321 1346 3380 reiert
1368 3337 1401 3380 se
1432 3319 1512 3402 apud
1546 3319 1613 3380 4444-

122 3411 201 3474 4607
224 3414 251 3494 l.
828 3467 834 3478 .
891 3416 1023 3476 stenium
1038 3413 1150 3474 vidisse
1163 3412 1330 3473 chronicon
1345 3413 1452 3472 leonis
1469 3412 1611 3472 collatum

160 3507 280 3566 Parisiis
302 3507 388 3578 4008.
413 3509 514 3570 44444
534 3511 848 3572 reconsonando·
890 3508 928 3570 ad
950 3508 1039 3568 04444
1073 3507 1204 3584 plurium
1236 3507 1317 3566 MSS.
1348 3506 1557 3582 promittitque
1578 3521 1612 3565 so

112 3595 333 3678 pelidellluce,
345 3599 542 3679 Neapolitani,
555 3602 680 3664 Abbatia
692 3605 837 3666 Casinen-
890 3619 960 3663 cum
982 3601 1049 3662 aliis
1080 3599 1259 3679 Sanctorum
1282 3601 1358 3660 actis
1386 3597 1539 3658 editurum
1565 3596 1611 3658 Vi-

117 3694 160 3752 sis
177 3695 333 3752 rentesimi
350 3696 494 3771 trigesimi
510 3698 599 3767 sexti,
615 3697 837 3758 Examinatoris
892 3699 954 3756 tarn
974 3694 1005 3755 8.
1028 3693 1181 3755 Mendetis
1214 3693 1423 3756 confessoris:
1445 3694 1471 3766 4)
1493 3697 1613 3769 praeter

115 3785 333 3864 Episcopornm
364 3795 457 3865 atquc
491 3789 559 3849 inde
593 3786 733 3868 Episcopi
764 3792 837 3850 Bos-
890 3803 981 3866 quam
1015 3790 1121 3848 Petrus
1151 3787 1302 3848 Diaconos
1344 3791 1489 3846 memorat
1521 3785 1612 3843 etiam

116 3880 267 3954 senensis,
282 3881 333 3956 qui
345 3879 465 3942 duobus
481 3883 572 3944 ustis
587 3881 746 3942 (lodicibus
761 3897 837 3943 usus
891 3881 998 3938 Leonis
1018 3877 1185 3940 Historiam
1208 3879 1439 3953 Pereprmornm
1452 3894 1460 3933 :
1475 3891 1529 3934 nec
1552 3889 1610 3934 non

117 3978 205 4032 netas
238 3970 372 4048 addidit,
393 3979 425 4032 et
446 3974 539 4033 vitam
561 3975 592 4034 S.
623 3973 776 4034 Benedicti
797 3991 836 4034 ex
891 3975 1049 4032 Sermones
1071 3970 1107 4030 de
1126 3968 1243 4029 Pcselra
1263 3976 1294 4026 et
1315 3966 1350 4026 444
1368 3965 1539 4026 normanie.
1559 3967 1612 4025 llis

116 4063 837 4144 (4484044404.144444444444441434444444-
890 4063 1042 4124 44444444
1076 4065 1163 4122 Wion
1187 4069 1258 4119 tom.
1282 4063 1308 4120 l.
1333 4061 1401 4136 ligni
1433 4060 1512 4118 vitae
1544 4073 1611 4136 pag.

116 4159 258 4236 scriptam
283 4160 421 4237 notisque
444 4159 624 4219 illustratam
657 4161 834 4238 praemisit,
892 4149 1064 4216 48844444
1093 4154 1191 4214 Vitam
1213 4155 1243 4213 S.
1266 4151 1419 4212 44444444.

117 4249 278 4328 subjuncta
300 4251 337 4313 ad
353 4252 465 4313 calcem
478 4253 578 4331 operis
594 4251 766 4332 alppendice
786 4270 837 4316 44·
933 4251 973 4310 04
993 4248 1129 4325 anona,
1148 4247 1238 4308 nobili
1259 4247 1465 4306 Beneuentano
1484 4243 1610 4321 ejusque

158 4425 188 4484 4)
207 4423 267 4474 vtae
286 4423 364 4485 praei.
380 4422 412 4472 od
431 4421 523 4474 librum
544 4423 566 4472 l.
582 4427 607 4472 et
625 4423 718 4474 librum
737 4421 763 4476 8.
884 4421 930 4470 lib.
945 4420 970 4469 4.
985 4421 1065 4480 444444.
1084 4416 1169 4467 444444.
1191 4415 1226 4465 44.

158 4498 187 4558 b)
205 4500 250 4548 tllc
267 4501 408 4556 44444444,
419 4497 501 4546 abbas
514 4501 537 4546 S.
551 4498 686 4548 8444444444
708 4499 787 4546 nimia
808 4497 840 4546 ll·
927 4495 956 4554 e)
974 4497 1008 4542 04
1025 4494 1073 4544 boc
1090 4495 1178 4540 tienne
1188 4496 1241 4540 4444
1252 4494 1367 4540 41444444
1380 4490 1515 4549 Gregorius
1526 4490 1559 4536 u.
1570 4489 1615 4537 lli.

113 4575 197 4624 ceritis
215 4584 276 4632 4444
294 4575 320 4620 44
334 4571 375 4620 llla
391 4572 502 4624 44444444
520 4573 635 4620 omisisse
652 4571 701 4620 4444
714 4603 721 4620 .
735 4571 785 4620 alic
798 4573 837 4618 iu·
884 4569 925 4619 80.
942 4569 1037 4628 044444.
1055 4573 1081 4616 44
1095 4565 1273 4627 martyrologia
1288 4567 1329 4614 xl.
1348 4565 1409 4614 4444.
1422 4567 1457 4611 04
1474 4559 1500 4612 S.
1522 4567 1617 4612 44444-

113 4649 252 4710 4444444444
267 4658 297 4696 cc
313 4653 441 4704 44444444,
459 4645 492 4694 ab
510 4646 607 4707 444444
622 4645 653 4694 44
671 4648 739 4694 44444
754 4647 839 4705 argul-
885 4647 923 4694 444
943 4642 970 4691 40
989 4646 1057 4703 sept.

114 4733 163 4773 444.
183 4720 243 4771 0444
259 4727 343 4770 tamen
360 4731 424 4779 4444
443 4733 487 4782 pro
504 4724 610 4770 444444
627 4719 697 4770 444444.
714 4721 840 4768 Simonias

1204 4815 1261 4877 tlt
