3562 5582
657 56 1063 120 attondebitis
1194 87 1202 106 ·
1540 53 1600 116 237

109 175 283 236 ὓίθῖθθῑᾶΰῑ.
299 172 374 236 Nam
394 170 546 238 humilies
567 167 597 227 in
619 163 740 230 homine
768 165 826 228 hoc
881 179 999 253 ferunt,
1019 184 1051 238 οι
1074 191 1168 236 venne
1189 190 1294 239 penum
1316 173 1353 236 ad
1375 189 1463 236 sum
1476 173 1601 238 dem).

107 267 200 332 modo
216 269 338 347 saepius
355 267 569 327 immutantur.
585 259 775 339 Quflhmliiei
795 267 827 344 ἓῐ
881 269 977 346 dunt,
1000 283 1113 346 easque
1135 269 1323 343 contortam,
1344 272 1376 328 ct
1397 269 1437 329 its
1457 267 1527 328 cum
1548 283 1601 328 vo-

110 363 268 426 multcties
294 357 447 437 adicem
476 357 571 436 ipsius
602 357 646 416 sic
676 355 827 416 immutati
883 365 931 426 nug
950 361 1126 426 earumdem
1154 379 1293 424 surarum
1322 377 1444 424 sursum
1474 359 1602 422 redeun-

111 464 295 530 trenseuut,
313 456 343 514 in
358 469 418 531 quc
436 452 567 513 scientia
588 451 655 510 eius
675 447 826 528 probatur,
882 463 947 533 tes,
969 473 1064 536 seque
1087 463 1146 518 eut
1165 443 1206 523 in,⁸
1217 454 1297 516 virili
1326 451 1519 530 tortitudine,
1545 467 1602 516 seu

112 568 193 632 quoe
212 549 252 612 de
272 548 396 612 cerebro
413 563 465 626 per
482 545 564 605 vires
580 545 698 606 animae
715 548 830 622 tempo-
884 553 913 610 in
927 549 1065 613 muliebri
1080 549 1206 612 matrice
1219 547 1256 608 ad
1275 548 1405 610 invicem
1422 551 1603 622 connecten-

112 653 179 708 rota
205 641 359 724 procedit,
386 647 418 702 et
447 637 527 719 quod
558 635 723 704 humiditas
747 651 830 698 cere-
884 653 940 720 tes,
958 641 1217 722 quemadmodum
1234 640 1409 704 stomachus
1423 641 1506 702 cibos
1521 655 1603 702 conr·

112 740 160 802 bri
181 737 299 818 tergit,
315 737 357 796 its
373 732 497 797 utillud
519 733 630 812 pingue
649 736 682 790 et
702 730 777 792 torte
794 745 829 790 ac
883 735 1044 818 prehendit
1064 737 1138 797 locis
1159 735 1219 795 illis
1240 735 1323 796 vires
1352 734 1390 796 ad
1417 733 1603 815 gignendum

113 847 225 895 sanum
243 832 293 890 sit.
314 829 349 889 ir.
370 826 477 893 dextre
492 827 574 888 euim
592 829 678 903 parte
699 823 851 914 hominis,
888 832 1002 912 prolem
1025 831 1215 904 immittunt,
1232 829 1319 890 velut
1333 845 1386 908 per
1401 827 1530 908 lapidem
1547 829 1603 890 ier·
1626 881 1629 885 .

112 928 221 1006 jecur,
241 932 274 984 et
294 923 423 1002 magnus
443 919 524 982 calor
544 919 677 999 corporis
696 923 764 993 cst,
786 915 830 978 id·
884 943 952 988 rum
973 926 1122 986 sucuitnr.
1143 923 1258 987 Lererti
1279 924 1370 998 euim,
1392 923 1521 984 musculi
1537 921 1605 984 bra-

113 1022 195 1082 circo
214 1025 247 1079 et
267 1017 373 1078 dextra
393 1015 482 1076 velox
502 1012 540 1074 ad
557 1009 734 1091 erigendum
749 1027 782 1073 se
799 1014 831 1072 el
884 1018 1020 1080 chiorum
1031 1022 1172 1093 cesurae,
1188 1022 1324 1078 tumores
1343 1032 1464 1095 quoque
1480 1031 1603 1078 crurum

114 1113 153 1174 ed
173 1109 359 1192 operandum
380 1113 447 1185 est3
465 1109 496 1168 iu
517 1106 639 1166 sinislra
659 1111 761 1168 tutem
781 1119 832 1166 00r
886 1118 960 1174 sunt
980 1111 1060 1191 pleni
1081 1112 1188 1187 venis,
1208 1101 1244 1170 'et
1260 1108 1446 1186 humoribus,
1464 1111 1605 1189 quonism

1 1255 2 1258 ,
114 1215 147 1269 et
167 1206 273 1286 pulmo
293 1209 476 1280 sttubquae
493 1200 574 1270 illim
596 1198 633 1260 dd
655 1213 747 1260 wera
762 1213 833 1260 0⁰¹¹·
887 1215 923 1270 ut
941 1212 1051 1268 venter
1078 1205 1196 1266 viscera
1216 1209 1248 1265 et
1268 1202 1350 1264 cibos
1371 1205 1401 1264 in
1422 1219 1456 1264 ss
1476 1205 1604 1278 retinet,

115 1297 431 1364 omnicreatorem
452 1293 490 1356 de
508 1291 610 1372 iecore
639 1290 833 1371 quemadmo·
887 1303 931 1362 sic
950 1299 1055 1362 lacerti
1086 1297 1276 1360 brachiorum
1309 1304 1341 1358 et
1372 1313 1605 1360 surrecturum

113 1397 190 1459 dum
207 1394 246 1456 de
263 1393 383 1454 fornace
400 1388 521 1450 hubent
540 1386 600 1450 Sed
615 1401 712 1448 venue
721 1385 833 1466 jecoris
885 1409 983 1456 uenus
1001 1399 1034 1455 cc
1054 1393 1198 1455 humores
1228 1393 1259 1453 in
1291 1409 1325 1453 se
1355 1399 1556 1466 conservant,
1576 1399 1611 1451 et

116 1489 280 1554 commotis
298 1483 476 1547 humoribus
490 1482 557 1542 istis
571 1475 832 1554 succensentes
887 1486 1062 1550 tortitudine
1082 1501 1138 1548 sua
1158 1484 1314 1546 hominem
1335 1484 1478 1546 roborent
1493 1490 1525 1545 et
1540 1499 1609 1564 por-

114 1583 241 1648 aoditus
261 1580 392 1643 hominis
418 1573 833 1652 concutiunt,2anuitumqne
887 1587 973 1657 tunt,
995 1577 1251 1661 quemadmodum
1272 1585 1382 1640 venter
1398 1578 1483 1640 iilum
1502 1579 1607 1642 nutrit.

115 1679 200 1742 illiue
217 1671 380 1754 aliquando
393 1669 602 1744 contundunt,
619 1669 762 1746 quoniam
779 1684 835 1746 per
888 1674 948 1738 Sed
968 1681 1043 1738 cum'
1057 1672 1146 1734 homo
1168 1672 1321 1735 interdum
1344 1672 1523 1734 festinanter
1539 1687 1616 1740 cur-¹

1 1815 2 1840 ι
118 1769 245 1835 auditus
259 1766 390 1836 hominis
403 1765 557 1826 multoties
571 1779 627 1824 seu
641 1763 765 1838 sanitas,
779 1778 834 1823 seu
889 1771 946 1846 ric,
969 1783 1025 1831 suu
1051 1765 1217 1830 incedendo
1247 1769 1304 1826 iter
1338 1767 1427 1843 lactc,
1449 1767 1535 1826 nervi
1556 1766 1607 1844 qui

115 1865 280 1928 infirmitas
309 1857 440 1922 iniertur
448 1887 461 1935 1,
480 1859 597 1940 scilicet
617 1873 687 1918 cum
709 1855 747 1918 de
767 1871 835 1934 pro-
891 1863 951 1926 sub
971 1861 1101 1941 genibus
1121 1863 1277 1938 existunt,
1298 1867 1330 1922 et
1359 1859 1508 1935 venulae,
1529 1873 1608 1937 quae

118 1958 220 2038 speris
234 1971 327 2034 supra
342 1951 465 2015 modum
483 1952 514 2012 in
531 1949 640 2031 gaudio
653 1949 834 2024 concutitur,
890 1959 919 2017 in
940 1955 1067 2034 genibus
1088 1959 1162 2016 sunt
1181 1969 1274 2032 supra
1291 1951 1415 2014 modum
1436 1952 1605 2026 distentae,

1 2041 2 2128 Ῐ
117 2055 187 2113 sive
202 2065 273 2114 cum
287 2045 578 2124 deadversissupra
596 2042 719 2106 modum
737 2045 766 2103 in
782 2043 835 2104 tri·
889 2065 986 2111 venas
1005 2049 1036 2108 in
1057 2050 1138 2110 suris
1154 2063 1231 2126 quae
1249 2053 1361 2108 utrete
1376 2047 1433 2108 sibi
1451 2059 1605 2108 connexae

1 2141 2 2150 ’
24 2167 28 2174 ·
121 2146 206 2208 stitia
220 2140 417 2210 contrabitur.
434 2137 499 2200 vidi
515 2153 636 2217 <ltl⁰<l¹1e
650 2135 729 2215 quod
744 2137 836 2198 inier-
890 2150 921 2204 ot
940 2142 1087 2223 plurimae
1108 2149 1204 2218 suut,
1227 2147 1357 2221 tangunt
1376 2147 1407 2201 et
1429 2143 1472 2202 sic
1492 2142 1522 2200 in
1541 2139 1608 2202 iati-

118 2240 195 2302 dum
218 2237 361 2299 humores
381 2236 430 2294 isti
451 2231 489 2294 ad
510 2231 686 2294 umbilicum
705 2229 835 2292 hominis
888 2239 1007 2317 gaulone
1027 2235 1064 2298 ad
1092 2251 1187 2297 venas
1205 2233 1315 2313 jecoris
1336 2234 1520 2311 redeuntes,
1542 2235 1609 2296 illes

119 2331 263 2405 cudunt,
274 2332 326 2410 ‘1¹1¹
341 2328 427 2409 iiuassff
441 2333 533 2406 caput
553 2327 706 2386 ‘limium
723 2328 834 2386 eitius
888 2331 1002 2393 cerebri
1013 2347 1108 2393 venas
1125 2337 1248 2410 tangere
1265 2330 1388 2406 iaciunt,
1402 2334 1434 2390 et
1450 2328 1507 2390 hoc
1522 2326 1610 2390 modo

118 2427 174 2489 itin
195 2425 305 2488 leniter
320 2423 434 2486 claudit
450 2439 490 2483 ne
507 2420 711 2502 dissipentur,
732 2425 764 2479 et
783 2417 836 2496 qui
890 2431 987 2486 totum
1003 2439 1112 2503 corpus
1126 2425 1156 2483 in
1171 2423 1343 2501 latigatione
1359 2423 1494 2484 mittunt
1510 2423 1611 2485 Venae

121 2523 231 2581 itinere
251 2517 442 2596 caloremque
462 2531 567 2578 eorum
584 2522 777 2576 strenarum
799 2510 837 2572 ad
890 2525 992 2579 autem
1013 2534 1121 2580 renum
1142 2533 1244 2578 suram
1267 2519 1421 2580 sinistram
1443 2517 1484 2577 illi
1502 2515 1613 2580 subre-

121 2618 241 2674 rectum
262 2616 535 2691 temperamentum
566 2614 747 2682 conservat,
768 2607 838 2667 licet
892 2613 1012 2674 nlenten
1042 2607 1138 2690 magis
1168 2617 1297 2690 tangunt
1329 2626 1420 2688 quam
1453 2609 1612 2685 dextram,

122 2705 281 2770 multoties
309 2705 375 2766 suis
402 2702 583 2782 impulsibus
603 2702 758 2781 inquietus
778 2700 838 2775 sit,
892 2705 961 2784 quia
983 2721 1054 2766 sura
1073 2703 1218 2765 dextrae
1239 2703 1338 2764 colore
1354 2701 1467 2780 iecoris
1494 2703 1614 2764 contor-

123 2801 215 2861 horno
236 2799 341 2859 vivere
362 2815 421 2858 non
451 2804 572 2878 pssset;
594 2795 647 2858 sed
669 2803 700 2857 et
721 2793 839 2856 lumbos
892 2805 983 2862 tatur.
1001 2797 1047 2860 hd
1068 2813 1165 2860 renas
1181 2813 1301 2877 quoque
1315 2813 1424 2858 renum
1443 2803 1536 2874 atque
1552 2796 1616 2856 ilio

125 2889 258 2954 hminis
277 2889 437 2970 aliquan&
453 2895 580 2971 ieiuni,
598 2891 650 2969 qui
671 2891 701 2950 ¹¹¹
723 2886 839 2948 viribus
892 2910 959 2956 rurn
986 2907 1087 2954 *venae
1116 2907 1205 2954 surse
1235 2890 1360 2950 dextrae
1376 2889 1560 2966 ascendunt,
1582 2888 1616 2948 il-

121 2990 189 3050 sois
210 2985 296 3048 reiut
315 2983 447 3046 ludendo
463 2984 658 3064 deceptuosi,
674 2989 707 3044 ct
723 2981 840 3062 pericu·
896 2987 1055 3066 lorumque
1075 3001 1174 3047 venae
1201 2984 1312 3062 jecoris
1343 2999 1439 3044 venas
1466 2989 1614 3064 tangunt,

123 3083 181 3144 iosi
202 3085 295 3150 suni,
317 3085 349 3139 ei
375 3079 428 3156 qui
448 3095 466 3140 a
488 3079 594 3139 nervis
614 3083 653 3138 'el
673 3095 691 3138 a
711 3075 839 3138 caeteris
893 3078 924 3142 εἰ
941 3081 1028 3159 jecur
1048 3081 1188 3142 nepesin
1209 3075 1393 3157 pinguedine
1411 3092 1542 3156 quauex
1561 3076 1617 3139 hu,

121 3176 212 3236 venis
233 3175 424 3252 retinentur,
447 3175 476 3232 in
498 3172 609 3251 quibus
635 3173 726 3234 etiam
747 3176 839 3231 ratio·
893 3175 1027 3237 moribus
1047 3180 1115 3248 esc,
1133 3173 1272 3252 jacentes
1287 3170 1428 3236 caletacit
1447 3171 1489 3231 ita
1506 3177 1541 3232 ut
1561 3187 1617 3232 ex-

122 3267 233 3330 nalites
251 3267 357 3341 tieret,
378 3267 420 3328 ita
442 3279 478 3328 ut
498 3265 587 3328 homo
608 3269 685 3328 sciat
703 3263 776 3343 quid
798 3263 841 3324 ia·
893 3267 1058 3330 tendantur
1071 3267 1215 3328 velociter
1223 3264 1456 3326 delectationem
1472 3263 1619 3326 inducen-

122 3364 203 3438 cist,
224 3359 275 3422 vel
296 3357 369 3440 quid
398 3360 534 3438 devitet,
557 3361 637 3422 unde
658 3365 690 3420 et
711 3358 843 3419 delecta-
895 3368 961 3436 tes,
983 3367 1014 3420 et
1030 3359 1196 3422 ducentes
1214 3359 1334 3438 citoque
1349 3363 1530 3431 cessantes,
1546 3359 1618 3436 quis

123 3458 237 3516 tionem
258 3452 295 3518 ad
316 3471 406 3534 opera
438 3455 488 3516 illa
519 3453 628 3532 habet,
649 3460 680 3516 et
701 3469 778 3533 quae
809 3453 839 3511 in
894 3471 964 3517 cum
979 3453 1067 3532 jecrn
1088 3454 1201 3515 homini
1222 3452 1352 3514 calorem
1374 3449 1446 3527 dat,
1469 3451 1519 3513 ille
1533 3450 1620 3530 iocu-

122 3547 231 3610 dextra
247 3554 334 3627 perte
351 3549 483 3627 corporis
500 3547 538 3610 de
556 3553 651 3610 strate
667 3549 841 3627 spiraminis
896 3549 976 3610 latur
995 3555 1027 3609 ct
1047 3548 1146 3610 laetus
1167 3554 1224 3609 est.
1253 3547 1359 3624 ltaque
1379 3544 1543 3620 humores,
1565 3549 1617 3624 qui

123 3642 274 3720 hominis,
295 3640 386 3702 etde
413 3640 514 3718 jecore
535 3644 601 3704 eius
626 3641 789 3718 caieiiunt,
810 3646 842 3704 et
896 3644 925 3702 in
948 3642 1069 3704 homine
1103 3642 1177 3705 sunt
1210 3643 1240 3702 in
1259 3641 1348 3718 juxto
1369 3638 1458 3700 modo
1476 3645 1618 3702 commoti

124 3735 327 3808 roborantur,
348 3734 428 3797 unde
460 3743 492 3797 et
513 3737 557 3796 sic
577 3737 667 3798 homo
687 3735 843 3798 discretio
896 3751 966 3798 cum
980 3751 1076 3797 venas
1088 3735 1199 3815 jecoris
1216 3735 1298 3796 illius
1311 3731 1472 3812 aliquando
1489 3739 1618 3814 tangunt

128 3845 198 3891 nem
231 3828 483 3910 disciplinamque
513 3832 637 3909 recipit;
665 3847 725 3908 quc
754 3827 843 3890 modo
899 3834 1039 3910 utsupra
1060 3828 1175 3890 dictum
1197 3834 1261 3916 cst,
1280 3825 1444 3890 humiditas
1461 3826 1542 3888 iliius
1564 3831 1620 3889 nri-

124 3918 273 3998 procellas
301 3918 429 3981 aliorum
461 3920 621 3982 humorum
652 3924 844 3998 compescat,
899 3923 1020 3997 nnitur,
1042 3920 1207 3983 humiditas
1237 3935 1358 3999 quoqne
1390 3921 1522 3997 pectoris
1542 3925 1620 3981 atte-

126 4017 280 4090 quatenus
309 4029 398 4092 opera
419 4029 482 4075 sua,
495 4012 683 4092 disciplinate
700 4011 843 4092 perficiat.
900 4021 1029 4087 nuatur,
1050 4013 1130 4076 unde
1151 4016 1243 4075 etiam
1264 4012 1416 4072 hominem
1438 4012 1483 4072 sic
1502 4013 1619 4074 exicca-

128 4105 217 4166 lidem
239 4121 360 4184 quoque
390 4106 534 4168 humores
550 4122 647 4167 venus
666 4123 794 4182 renum,
815 4113 846 4166 ct
900 4116 966 4171 tum
998 4109 1028 4168 in
1061 4107 1268 4170 infirmitatem
1301 4103 1480 4185 impellunt3
1510 4104 1619 4183 flegma

127 4199 247 4260 iliorum
280 4199 433 4261 interdum
464 4207 614 4280 tangunt,
636 4217 714 4280 quae
734 4199 772 4261 ad
796 4217 847 4260 ve·
900 4205 992 4264 ctiam
1013 4203 1042 4262 in
1065 4200 1171 4263 eodem
1193 4199 1313 4260 homine
1334 4195 1451 4258 aridum
1473 4205 1505 4258 et
1526 4212 1635 4268 vene,

128 4307 186 4354 nes
205 4291 323 4370 splenis
332 4322 342 4368 ,·
359 4293 510 4373 pulmonis
526 4300 557 4355 et
578 4293 677 4356 cordis
697 4293 846 4368 tendunt,
901 4313 1009 4358 nosum
1031 4295 1086 4372 iit,
1108 4294 1242 4374 illudque
1263 4290 1301 4354 ad
1318 4289 1475 4352 cerebrum
1490 4292 1557 4354 eius
1574 4296 1618 4354 sic

126 4393 161 4448 et
181 4384 257 4448 hoec
276 4388 377 4448 omnia
397 4403 466 4449 oum
488 4387 656 4449 visceribus
677 4389 707 4448 in
725 4389 846 4449 sinistra
900 4391 1054 4466 ascendit,
1072 4395 1222 4470 caputque
1240 4390 1271 4449 in
1284 4385 1417 4448 dolorem
1434 4383 1532 4454 ducit.
1549 4400 1622 4450 ocu-'

127 4479 346 4541 concutiuntur
363 4497 434 4542 cum
448 4481 498 4542 ilie
515 4480 618 4559 pulmo
634 4481 778 4557 calefacit,
796 4481 847 4542 de·
900 4485 946 4547 los
961 4501 1082 4564 qunque
1097 4483 1199 4545 dolere
1216 4481 1299 4556 iacit,
1313 4477 1507 4558 medullaque
1521 4481 1551 4541 in
1569 4498 1618 4543 os-

131 4579 231 4634 xtram
253 4587 327 4633 vero
347 4581 465 4653 partem
485 4575 618 4654 corporis
634 4572 721 4652 jecur
742 4591 847 4638 accen-
901 4579 985 4639 sibus
1002 4578 1083 4640 illius
1100 4575 1276 4650 marcescit,
1294 4575 1335 4634 ita
1348 4578 1384 4633 ut
1398 4573 1552 4636 interdum
1566 4575 1615 4637 iiie
1691 4647 1696 4658 Ι

129 4663 186 4726 dit.
204 4665 244 4728 Et
265 4682 362 4729 venae
382 4668 506 4745 cerebri,
527 4667 634 4743 cordis,
656 4667 848 4748 pulmoniset
900 4670 1047 4734 caducum
1071 4671 1208 4732 morbum
1239 4670 1372 4731 incurrat
1391 4683 1463 4728 cum
1480 4669 1553 4730 luna
1587 4673 1616 4730 in

126 4757 239 4835 jecoris
248 4769 446 4840 caeteraeque
456 4763 579 4826 renibus
589 4761 792 4825 tortitudinem
805 4765 847 4826 si·
902 4765 1020 4826 deiectu
1038 4772 1093 4825 nst.
1117 4761 1284 4826 liumiditas
1300 4763 1390 4822 etiam
1408 4780 1486 4843 quae
1507 4765 1537 4824 in
1552 4781 1619 4825 um-
