3562 5582
202 118 261 188 888
831 107 1082 174 trinitatis

207 225 265 288 766
285 239 322 286 00
339 222 435 282 dicam
458 221 715 284 commentarium
735 221 764 280 in
788 219 928 298 8070708
986 225 1058 279 tum.
1077 215 1106 278 2.
1125 213 1265 280 77008070.
1289 227 1353 290 pag.
1378 209 1433 270 787
1452 205 1499 268 087
1522 208 1603 268 07700
1619 223 1679 284 pag.

202 319 350 383 80700000
359 333 396 377 ex
409 315 627 392 chrysostomo
637 318 816 394 excerptum
824 311 931 388 videri,
986 309 1040 374 797
1061 306 1152 370 tortio
1165 305 1207 366 od
1219 305 1371 368 Leontium
1382 300 1586 370 7007070000,
1601 300 1680 358 Veto

202 419 237 476 ut
254 413 374 480 Caseus
390 409 557 470 annotavit.
576 407 722 468 Similiter
733 406 803 471 buic
822 406 931 469 Hilario
988 421 1060 466 0700
1074 409 1104 465 07
1122 401 1274 463 Victorum
1293 396 1447 479 Episcopus
1462 411 1499 456 00
1519 391 1682 454 collectioni·

202 523 219 566 a
236 504 331 568 Natali
356 498 441 562 Alex.
465 501 593 579 aliisque
609 502 688 562 Viris
706 499 802 569 800770
819 498 934 561 adscri-
990 497 1048 558 bus
1064 495 1197 572 Dionysii
1214 499 1248 552 07
1262 491 1374 552 lsidori.
1403 487 1512 548 Leontii
1532 484 1682 564 Epistulam

202 604 271 678 ptae
287 601 360 658 sunt
375 597 568 670 Qnoestrortes
587 593 703 656 Veteris
721 598 750 657 et
766 593 846 654 Noui
857 592 933 654 Test.
988 589 1177 652 additarum
1194 585 1287 660 edidit
1302 583 1462 644 Daclrerius
1478 586 1546 640 tom.
1560 578 1591 636 ll.
1605 577 1684 654 spini-

204 706 282 770 quas
299 687 335 750 ad
352 687 467 748 calcem
485 688 558 748 tomi
577 687 657 746 tertii
676 687 751 766 000.
774 687 804 748 S.
826 685 931 766 Augu·
990 683 1056 762 legii
1074 698 1141 762 pag.
1159 678 1219 741 578
1236 677 1381 755 (editionis
1398 690 1490 736 nuvae
1505 681 1573 732 tom.
1589 673 1614 731 8.
1624 687 1685 748 pag.

120 809 125 818 ·
203 783 272 842 07707
294 779 366 846 0877.
379 777 570 842 Benedictio.
595 780 624 838 70
645 779 711 841 aliis
727 786 810 844 tumn
823 786 934 858 quarto
990 776 1067 851 368.)
1094 773 1227 854 Epistola
1256 769 1297 830 od
1322 765 1507 830 Pnlolrcrium
1533 763 1686 843 70000700

202 877 354 954 leguntur.
374 871 579 935 Vehementer
594 879 700 937 000700
716 873 794 935 hauc
809 880 934 934 senten·
989 872 1101 949 scripta
1117 869 1155 929 ab
1182 868 1278 928 Hilaro
1306 863 1404 926 adbuc
1423 862 1547 922 Diacnno
1565 860 1685 920 8000000

200 968 273 1030 tiam
290 971 405 1048 pugnat
427 963 587 1051 Ondinus,
607 967 659 1044 qni
682 968 835 1027 variorum
858 967 931 1028 scri·
988 969 1092 1024 exstat
1110 963 1138 1022 in
1153 959 1239 1022 botis
1254 951 1685 1035 8000876807008000007077.

200 1067 321 1139 plorum
332 1065 364 1120 st
379 1058 467 1136 longa
479 1061 656 1120 recentioris
666 1062 776 1121 0070770
792 1077 847 1120 nec
858 1067 930 1122 anta
987 1057 1099 1121 Concil.
1119 1053 1260 1116 llarduin.
1276 1068 1337 1130 000
1358 1049 1403 1108 87.
1425 1047 1563 1108 Graecam
1585 1045 1687 1104 versio

202 1153 346 1214 Seculum
364 1153 530 1230 septimum
548 1152 643 1214 iactas
661 1151 768 1212 borum
781 1154 931 1230 quaestio-
988 1168 1057 1212 nem
1082 1155 1217 1210 veterem
1229 1145 1312 1206 dedit
1328 1141 1490 1206 cotelerius
1504 1146 1573 1200 tom.
1593 1139 1618 1198 7.
1632 1153 1688 1196 mo-

203 1263 276 1316 num
304 1245 439 1324 sylloges
461 1242 597 1323 disputat
618 1252 690 1306 torn.
714 1249 743 1320 7,
764 1263 830 1325 pag.
859 1233 918 1308 788
987 1249 1123 1308 nument.
1151 1257 1217 1319 pag.
1239 1239 1287 1300 67).
1312 1236 1443 1316 Epistola
1472 1231 1512 1292 nd
1542 1229 1688 1292 Victuram

202 1355 266 1416 seq.
284 1339 375 1399 00707
392 1338 490 1416 placet
515 1337 591 1398 adde
613 1339 842 1400 Tillemontiom
861 1346 881 1400 7.
902 1340 930 1402 7.
991 1335 1187 1417 tentanum,
1202 1349 1291 1412 qnam
1306 1329 1425 1391 Victorii
1441 1327 1550 1390 canoni
1566 1323 1689 1386 Pasa-hali

204 1432 364 1494 memorien
381 1447 447 1510 pag.
459 1429 528 1491 768.
547 1448 611 1510 seq.
623 1430 694 1492 edit.
709 1433 800 1492 Paris.
816 1433 858 1494 De
872 1434 930 1500 allo
986 1429 1126 1511 AEgidius
1143 1426 1308 1490 Bucherius
1321 1422 1466 1503 praefixit,
1481 1422 1587 1499 scripta
1598 1423 1644 1478 est
1656 1415 1690 1476 ab

204 1525 322 1600 Hilario,
347 1525 673 1604 870000080000007
685 1522 742 1585 Au.
761 1525 829 1588 att.
849 1527 933 1596 Veto
986 1525 1084 1588 llilaro
1098 1522 1181 1585 urbis
1198 1523 1308 1582 800000
1324 1515 1543 1580 Arcbidianouu.
1558 1513 1690 1574 60070000

204 1617 354 1680 ntionensi
368 1619 515 1696 Episcopo
533 1617 637 1678 credet
654 1619 802 1697 00700707
813 1620 931 1685 70087770
988 1615 1142 1698 Epistulae
1158 1621 1221 1676 octo
1242 1613 1279 1676 ab
1295 1612 1440 1689 Episcopo
1456 1608 1580 1684 scriptae
1595 1604 1691 1681 legno·

206 1728 223 1771 a
248 1712 363 1772 inanire
383 1711 493 1772 7000770
520 1711 657 1774 Chilletio
681 1715 710 1772 in
740 1714 931 1778 vesontionis
988 1715 1086 1774 70070
1102 1711 1192 1772 tornis
1206 1705 1404 1772 conciliorum
1418 1699 1608 1778 8707780070,
1625 1695 1693 1758 lab

205 1806 333 1884 000702,
351 1823 379 1884 p.
398 1805 436 1866 37
454 1821 520 1884 seq.
577 1833 578 1838 .
706 1865 710 1872 ,
790 1865 793 1874 λ
922 1837 926 1844 -
986 1807 1033 1866 lrei
1043 1850 1052 1882 ,
1071 1803 1293 1877 Coleti,etiam
1310 1795 1388 1880 apud
1403 1795 1557 1858 80000700
1574 1792 1689 1860 ababa,

248 1897 426 1961 lllLAlllUS
442 1900 668 1978 8000000000,
687 1904 776 1966 00700
796 1903 930 1981 80707070
986 1900 1024 1961 ab
1039 1898 1191 1960 llarduino
1206 1897 1334 1958 0070000
1348 1897 1430 1968 0007,
1441 1891 1561 1966 0700707
1571 1885 1690 1946 Decreta

207 1990 245 2053 ad
258 1993 463 2070 7000077000
475 1992 683 2056 0700070000
698 1995 838 2058 7788070
847 2013 932 2076 prae-
986 1993 1045 2055 dno
1069 2012 1108 2056 00
1133 1992 1274 2054 Gratiano
1298 1989 1336 2048 80
1365 1999 1496 2048 consen.
1511 1979 1577 2046 dist.
1599 1972 1690 2048 2087

205 2085 284 2148 00877
299 2087 640 2165 Epistulam-Augustini
651 2089 928 2168 8778007088
982 2104 1060 2168 poss
1077 2091 1123 2150 007
1136 2100 1269 2165 corporrs
1285 2089 1317 2144 et
1333 2099 1370 2142 00
1387 2077 1494 2140 Codice
1502 2071 1647 2136 sexdecim
1659 2069 1690 2130 li-

206 2177 384 2255 LXXXlX)
405 2197 466 2258 qua
486 2197 557 2242 eum
574 2180 809 2245 dilectissimum
833 2183 929 2246 lilium
985 2183 1116 2244 brorum.
1135 2179 1306 2241 ludovicus
1330 2171 1457 2236 lacobus
1477 2186 1539 2249 pag.
1561 2165 1624 2229 768.
1644 2164 1687 2224 87-

203 2273 343 2352 appellat,
366 2280 398 2333 et
413 2273 575 2353 respondet
596 2272 634 2342 ad
656 2276 756 2336 varias
769 2277 932 2354 ‘quaestio-
985 2275 1088 2336 blintb.
1107 2271 1276 2334 Pontificiae
1294 2267 1385 2332 tradit
1409 2263 1497 2328 Hilari
1523 2259 1609 2322 buius
1628 2261 1688 2318 acta

204 2366 317 2428 00080
345 2365 531 2446 Pelagianis,
562 2371 787 2436 controversiis.
810 2371 930 2432 Laetam
986 2377 1019 2431 et
1034 2367 1186 2449 Epistulas
1210 2366 1324 2442 aliquot
1347 2357 1490 2439 prodiisse
1510 2352 1604 2418 070870
1623 2351 1690 2412 Ger·

204 2462 283 2532 banc
300 2462 466 2540 Epistulam
486 2461 523 2522 ab
536 2463 567 2524 S.
584 2464 770 2541 Hieronymo
781 2465 809 2526 3.
824 2464 932 2530 adver·
987 2463 1051 2524 ardi
1067 2463 1174 2526 700077.
1193 2457 1251 2521 Sed
1270 2459 1349 2516 inter
1364 2470 1398 2514 00
1415 2451 1487 2512 haec
1501 2448 1690 2510 007000οι000

204 2573 261 2620 000
283 2557 476 2636 Pelagianos,
493 2563 526 2616 et
546 2558 652 2620 000070
673 2559 703 2617 70
719 2556 931 2638 tlpolugetioo,
988 2556 1103 2618 Valerio
1117 2553 1238 2616 Andron
1253 2567 1320 2632 pag.
1330 2547 1390 2611 286
1410 2541 1544 2608 biblioth.
1553 2540 1688 2618 Belgicae,

204 2651 390 2714 Benedictini
416 2656 489 2712 tom.
508 2651 536 2727 8,
565 2667 630 2730 pag.
652 2649 704 2714 777
734 2650 805 2712 0877.
831 2651 930 2714 Amat.
989 2667 1067 2730 quae
1084 2654 1181 2710 morte
1210 2649 1392 2726 pmcventus
1407 2638 1529 2712 Vossius
1546 2632 1691 2696 exsolvere

205 2745 331 2824 pnlcbre
348 2750 545 2806 0000700000.
561 2747 647 2808 8000
670 2746 813 2808 llilarium
829 2763 848 2806 a
864 2747 933 2806 Pru-
990 2760 1050 2804 000
1067 2743 1172 2821 potuit.

206 2841 344 2918 spariano
359 2836 609 2917 distinguendum
635 2838 723 2900 ducet
737 2841 874 2904 Nurisins
895 2840 930 2901 ll.
1030 2835 1303 2898 lllLllSlllSl’oeta
1314 2823 1692 2900 scholasticumcuiusrer·

206 2937 234 2996 2.
251 2935 322 2996 bist.
336 2931 434 3009 Pelag.
450 2929 590 2994 Oudious
600 2947 691 3010 quem
708 2934 734 2992 si
750 2932 848 3011 placet
864 2931 933 2994 vide
990 2947 1045 2992 000
1061 2937 1093 2991 07
1108 2929 1242 2992 carmina
1269 2925 1362 3014 naaria
1379 2924 1534 3002 leguntur,
1551 2917 1625 2976 later
1640 2911 1694 2990 epl-

209 3036 280 3089 tom.
306 3028 333 3100 l,
352 3042 418 3104 pag.
440 3024 517 3086 7227
536 3041 602 3104 seq.
990 3029 1159 3102 grammata
1175 3029 1207 3098 et
1225 3019 1372 3102 poematia
1393 3021 1495 3076 vetera
1509 3009 1619 3072 editae
1646 3007 1694 3066 Pe·

246 3118 424 3185 tllLlllllUS
442 3115 606 3180 7070007700
623 3119 792 3198 Episcopus
807 3125 838 3180 et
855 3120 934 3182 Corr-
990 3125 1036 3178 tro
1048 3116 1179 3177 Pithoeo.
1190 3114 1299 3176 Videas
1312 3113 1352 3174 ibi
1362 3110 1546 3190 passimeum
1558 3105 1585 3162 io
1596 3101 1692 3162 iisdem

207 3215 302 3276 iessnr
328 3215 461 3276 70000700
488 3209 599 3278 0070770
616 3212 655 3274 80
676 3229 737 3292 quo
763 3212 841 3276 Acta
860 3215 935 3276 San·
991 3211 1183 3290 argumentis·
1198 3209 1313 3288 poetico
1343 3204 1459 3283 ingenio
1475 3195 1618 3260 ornandis
1637 3209 1693 3256 eer-

183 3378 186 3384 ,
207 3314 325 3372 ctorum
340 3309 373 3368 Τ.
384 3307 426 3368 .V.
443 3307 510 3370 llaii
531 3307 565 3369 at
590 3324 619 3385 p.
637 3309 685 3368 77.
991 3312 1056 3367 7000
1072 3321 1142 3366 eum
1163 3298 1417 3362 versificatoribus
1437 3307 1494 3368 000
1511 3287 1692 3352 dissimilibus

247 3400 601 3466 ElLbElUSlluoacbus
621 3401 809 3475 Veronensis,
832 3419 934 3482 supra,
993 3399 1153 3472 undecim,
1170 3391 1377 3476 70070ρί0870,
1404 3385 1546 3460 lmen,
1573 3379 1693 3449 8007770,

205 3495 395 3556 87778708.
993 3487 1164 3573 Euphorbo,
1183 3485 1351 3560 Enstlrentu,
1364 3479 1493 3556 7077000,
1509 3473 1691 3544 neemiam,

246 3587 423 3652 lllLAElUS
444 3587 663 3662 Viennensium
682 3588 772 3650 Flauii
793 3589 936 3667 catalogo
969 3619 973 3622 ·
994 3583 1141 3658 Palladio,
1157 3579 1343 3661 Pompeium,
1358 3573 1455 3651 Vitoli,
1471 3567 1692 3649 immansueti

207 3682 331 3748 testium
350 3683 487 3742 00077060
503 3671 596 3760 atque
614 3682 695 3761 alibi,
716 3699 775 3742 non
797 3682 937 3744 diversus
994 3681 1192 3741 Maximianus
1209 3678 1267 3736 iste
1281 3673 1370 3736 inerit
1384 3668 1471 3742 idem,
1485 3667 1570 3728 cuius
1585 3661 1692 3740 Elegiae

207 3777 246 3838 ab
262 3771 380 3842 87770070
395 3771 573 3848 Arelatensi,
595 3774 634 3835 de
652 3791 712 3856 quo
727 3792 830 3854 00000.
995 3774 1052 3834 sub
1067 3772 1195 3841 80000777
1208 3767 1283 3830 Galli
1296 3767 1415 3828 nornine
1429 3761 1525 3824 editas
1541 3758 1692 3826 babemus,

247 3871 279 3938 S.
302 3867 464 3930 lllLdllUS
492 3859 682 3930 calaritanus
713 3885 750 3930 ex
780 3868 936 3945 Sardinia,
962 3869 966 3878 ‘
994 3866 1032 3927 de
1052 3853 1269 3948 nonantulani
1288 3856 1456 3921 constiterit
1473 3860 1632 3928 07000000.

208 3969 277 4044 post
298 3964 428 4024 Leonam
451 3962 471 4022 l.
495 3963 581 4041 Pnpn
599 3964 751 4024 Romanus
771 3964 809 4026 ab
826 3965 860 4024 7.
880 3965 931 4026 767
1035 3957 1152 4022 777787
1171 3951 1378 4026 7700000070,
1397 3947 1516 4010 8800707
1532 3945 1615 4023 begis
1630 3942 1693 4002 Nor·

207 4059 245 4124 72
258 4057 418 4119 Novembr.
436 4055 473 4118 ad
491 4055 615 4118 Annum
629 4057 695 4117 767.
710 4059 869 4137 Septemb.
885 4059 933 4119 76.
993 4053 1260 4116 dambumbrnrum
1273 4047 1380 4126 neptis,
1395 4042 1550 4105 Abbatissa
1566 4040 1593 4097 in
1610 4037 1693 4096 llam·

208 4154 244 4213 ll.
260 4151 298 4212 de
313 4167 374 4230 qun
391 4151 602 4212 Tillemnntins
615 4153 686 4212 tom.
704 4153 751 4212 76.
766 4153 934 4212 memorias.
993 4147 1066 4208 theu
1077 4149 1142 4208 sive
1160 4145 1261 4207 700070
1277 4141 1376 4214 Corvi,
1390 4153 1467 4216 quae
1486 4137 1515 4194 in
1529 4128 1692 4194 llunasteriu

208 4265 277 4326 pag.
294 4248 333 4306 35
350 4262 414 4324 seq.
431 4237 702 4308 Tarraconensium
716 4245 934 4323 Episcoporum
992 4240 1070 4319 quod
1097 4238 1208 4302 deinde
1240 4233 1389 4295 ordinavit
1418 4234 1446 4290 70
1476 4217 1692 4315 streaneshalch

208 4339 245 4400 ad
264 4341 397 4400 llilarum
423 4344 454 4397 et
481 4339 571 4398 llilari
592 4340 689 4416 Papae
706 4335 748 4398 08
769 4336 934 4400 Ascanium
991 4335 1162 4396 coenobitas
1178 4347 1251 4393 suos
1269 4331 1298 4388 in
1315 4341 1465 4390 sacrarum
1482 4323 1641 4383 litterarum
1657 4311 1693 4372 le·

212 4431 470 4494 Tarraconensem
485 4429 640 4511 7707070700
656 4429 828 4508 ducenum
849 4432 934 4492 Actis
990 4430 1089 4490 ctione
1110 4433 1142 4488 st
1164 4423 1360 4503 meditatione
1381 4419 1421 4480 ita
1435 4414 1564 4478 exerceri
1579 4407 1693 4479 lecit,ut

210 4525 332 4584 Consilii
348 4527 471 4588 llomani
488 4528 518 4586 70
537 4526 667 4606 Aguirrii
691 4526 833 4587 conciliis
851 4526 933 4604 llisp.
990 4521 1059 4582 inde
1084 4519 1248 4599 prodierint
1271 4514 1381 4577 eruditi
1403 4507 1576 4572 Sacenlotes
1595 4501 1690 4566 muln.

211 4622 284 4711 lum·
299 4617 329 4691 Ξ,
346 4633 413 4695 000.
427 4621 485 4682 228
497 4626 530 4682 07
547 4623 577 4682 70
596 4621 759 4684 Christiani
776 4621 849 4700 Lupi
865 4620 935 4699 Epi·
989 4622 1020 4677 07
1031 4621 1110 4676 70070
1120 4613 1202 4675 Beda
1214 4613 1262 4672 lv.
1275 4610 1314 4672 88
1324 4608 1399 4684 illst.
1410 4606 1555 4684 qulnque;
1567 4593 1690 4676 Episcopi

214 4710 301 4770 stolis
319 4712 440 4772 Patrum
458 4712 495 4774 ad
512 4716 680 4790 concilium
696 4715 885 4794 Ephesioum
907 4731 932 4778 c.
990 4708 1152 4788 singularis
1166 4707 1264 4769 meriti
1280 4721 1315 4766 ac
1332 4698 1508 4764 sanctitatis.
1531 4694 1612 4754 Diem
1628 4685 1692 4750 obiit

211 4801 280 4872 227·
297 4821 365 4882 pag.
379 4804 430 4866 777
452 4822 517 4884 seq.
534 4814 565 4868 07
579 4811 610 4868 70
626 4812 717 4871 tomis
731 4810 932 4874 Consiliorum
990 4805 1047 4869 tu.
1066 4805 1099 4867 G.
1122 4801 1190 4862 686.
1220 4799 1306 4864 Circa
1330 4792 1458 4858 Paschae
1478 4786 1691 4852 oelcbnlitntm
