3562 5582
689 97 981 165 nanninus
1516 98 1576 162 205

129 208 288 292 4444444444,
297 210 319 269 4.
334 209 464 272 Luciferi
476 208 607 284 nomine,
625 204 805 270 Acherontis
897 207 992 286 Aiunt
1008 207 1164 271 laudatum
1193 207 1349 270 ilerdtinm
1371 208 1461 267 ctiam
1473 205 1576 284 publi-

90 306 289 384 lmperetoris,
302 303 394 366 Ducis
418 301 508 364 Erebi
523 299 561 362 ad
581 300 733 380 Principes
749 301 806 364 Ec-
858 319 944 364 casse
965 300 1200 379 henrici-huius
1222 301 1259 362 do
1281 299 1387 362 Hassia
1408 297 1574 378 Epr'stolam

6 455 7 460 ,
89 398 280 459 clesiasticos.
296 397 332 456 ll.
346 391 693 472 decentempmhtundi,
707 393 805 456 adlo-
858 393 894 456 de
910 393 1009 456 4444444
1026 392 1087 456 sibi
1100 395 1282 475 Episcopatu
1295 394 1471 456 liconiensi.
1484 411 1575 474 quam

88 509 199 555 annom
219 491 256 552 dc
271 491 445 565 liberatem,
460 490 665 552 camerarium
683 493 821 578 hlogun·
858 507 916 550 non
932 491 1056 552 memini
1074 507 1122 550 mc
1139 491 1292 550 invenisse
1305 489 1355 550 vol
1373 494 1545 551 annotasse.

89 589 194 646 tinum.
210 585 259 645 444.
280 586 322 645 De
343 589 519 661 contemptu
540 581 730 650 divitiarum.
754 585 802 646 lV.
897 585 1014 663 Scripta
1030 585 1182 644 carmine:
1201 579 1383 644 lnvectieo'
1370 586 1578 644 remonstrare

89 678 123 740 ad
138 678 306 740 Canonicos
328 677 569 756 Ncuburgcnses.
588 677 661 740 Vide
682 677 803 742 Pezium
856 675 1019 760 Babylonis
1037 678 1103 738 sive
1117 674 1249 738 schisma
1261 691 1311 737 sur
1325 681 1474 782 temporis.
1489 676 1577 737 Anne

88 789 151 851 pag.
170 769 219 832 79.
858 773 946 837 4393.
970 773 1062 851 incip.
1087 771 1154 832 Heu
1183 768 1306 850 frustra
1325 769 1448 850 scripsi,
1469 769 1577 832 multos

6 889 8 902 *
123 865 259 944 Epistola
275 863 314 926 ed
326 865 497 926 iohannem
513 863 553 924 de
567 863 735 926 Eberstein.
748 868 803 931 Ga-
856 864 1014 928 dictamine
1027 863 1126 925 movi:
1143 879 1253 924 versus
1267 863 1369 943 plures
1386 864 1577 942 octingentis.

88 959 247 1018 mererium
264 958 481 1038 moguntinum,
492 956 597 1020 eadem
615 959 716 1020 nisan
728 959 803 1020 Bibl.
897 961 1026 1024 German
1043 960 1183 1038 epicum,
1201 973 1242 1017 nn
1267 957 1377 1019 Castor
1402 954 1514 1016 4444444
1528 953 1578 1016 44-

88 1053 173 1130 llegis
190 1051 315 1114 Galliae.
333 1051 407 1113 Vide
424 1050 578 1116 Oudinum
594 1057 615 1112 t.
631 1053 658 1127 3,
676 1070 704 1132 p.
716 1053 803 1116 4260.
857 1051 925 1114 dect
941 1049 1359 1132 diednsjejuniornm.1ncip.
1372 1047 1496 1130 suscipe
1512 1065 1578 1110 mn·

127 1144 288 1206 4444444444
306 1141 451 1225 bipertita
471 1142 508 1206 44
528 1143 804 1222 Caruentanam
853 1163 911 1228 pne
924 1151 1014 1226 poter
1032 1143 1162 1206 Praerul
1174 1143 1290 1204 cunctis
1303 1140 1481 1204 omeraade.
1543 1159 1545 1168 ⁴

6 1301 8 1312 ,
89 1237 219 1316 Epistola
236 1237 350 1314 prolixa
367 1239 434 1301 sive
454 1243 603 1299 tractatus
625 1237 662 1300 44
685 1245 804 1300 cenna·
897 1238 1089 1302 HENRlGUS
1111 1237 1147 1299 44
1172 1236 1307 1317 Hasna,
1329 1236 1451 1314 junior,
1478 1237 1579 1298 Mona·

6 1313 8 1344 '
86 1327 179 1390 4444444
194 1329 330 1391 emtionis
344 1335 373 1391 44
387 1328 585 1407 venditionis,
601 1333 700 1394 XXVI
713 1332 804 1396 docu-
856 1335 933 1398 chus
947 1327 1167 1396 carthusianus
1184 1339 1216 1393 44
1231 1333 1313 1394 Prior
1330 1333 1443 1392 Domus
1460 1329 1578 1392 Gelriae

86 1431 186 1484 menta
201 1423 315 1486 Salutis
331 1425 507 1501 continens,
529 1424 566 1486 ad
584 1426 674 1489 Gives
701 1427 803 1488 wien·
855 1430 1065 1492 nonachorum
1079 1429 1109 1490 S.
1126 1429 1253 1502 itariae,
1269 1426 1430 1488 defunctus
1444 1425 1478 1485 Α.
1499 1421 1577 1485 4427

44 1513 49 1523 “
87 1533 215 1593 444444,
237 1517 295 1578 tls,
325 1517 354 1576 in
376 1516 513 1578 biblioth.
540 1519 706 1596 Caesarea,
728 1519 802 1583 Vide
858 1525 904 1586 42.
922 1521 998 1602 hug.
1016 1520 1054 1582 de
1074 1536 1134 1600 quo
1151 1519 1338 1582 Trithemius
1354 1519 1392 1580 de
1410 1519 1440 1580 S.
1457 1517 1492 1578 E.
1511 1533 1577 1594 cap.

86 1609 277 1670 lambecium
298 1615 370 1670 tom.
396 1611 430 1687 2,
451 1626 518 1690 pag.
542 1611 609 1674 4244.
638 1613 742 1674 Nescio
757 1629 802 1676 ‘an
855 1617 924 1679 7444.
939 1621 971 1677 44
987 1613 1025 1676 44
1042 1613 1239 1692 scriptoribus
1260 1605 1402 1674 German.
1426 1605 1491 1691 cep'.
1508 1612 1575 1672 4443.

6 1767 7 1772 ,
86 1703 240 1764 diversam
255 1702 312 1765 hoc
326 1720 343 1764 a
356 1704 469 1782 scripto
485 1701 566 1764 edito
581 1704 619 1766 de
636 1707 803 1770 Contracti—
856 1727 892 1772 ac
906 1707 1080 1788 diligentins
1103 1705 1293 1770 Benedictus·
1314 1707 1371 1766 Pee
1394 1705 1460 1766 loco
1486 1719 1579 1783 snpra

6 1831 7 1836 κ
42 1811 45 1816 ·
88 1797 138 1858 bus
154 1803 188 1858 et
207 1798 364 1861 censuum
392 1796 497 1858 ordine
508 1798 613 1877 ‚quod
635 1815 726 1879 supra
738 1799 802 1881 iam
856 1806 956 1865 citato.

6 1949 7 1960 .
87 1891 262 1952 memoravi.
898 1895 973 1977 Ejus
990 1897 1122 1974 scripta:
1133 1892 1423 1962 Commentariusin
1441 1891 1575 1964 Genesin,

6 2039 8 2072 .
122 1983 163 2044 De
176 1954 354 2044 reductione
367 1982 569 2060 effectunmin
584 1999 658 2046 snas
674 2002 802 2066 4444444,
858 1989 1019 2066 Eaedem,
1036 1985 1203 2050 Parabolos
1227 1984 1396 2050 Salomonis
1412 1992 1444 2047 44
1464 1984 1578 2066 Apoca-

86 2089 113 2138 et
142 2076 261 2140 canno
282 2093 381 2138 aurea
409 2078 475 2138 sive
509 2075 546 2138 de
566 2084 804 2144 concatenatione
860 2084 964 2167 lppsin.

6 2179 8 2260 ξ
85 2187 271 2246 causarum,
290 2173 356 2234 sive
380 2170 416 2234 de
443 2189 611 2234 causarum
623 2171 803 2240 4444444444
899 2177 1042 2260 Drblopus
1065 2177 1143 2240 44444
1167 2174 1348 2267 Episcopum
1373 2178 1402 2234 et
1424 2168 1580 2251 Presbyte-

6 2275 7 2310 i
85 2263 252 2344 ennaea
265 2270 397 2326 naturae
415 2266 580 2326 4444444444
600 2270 772 2347 respectu'
759 2288 804 2332 ra·
857 2290 937 2338 44444.
951 2275 1111 2334 Tractatus
1128 2261 1388 2331 declaoibusseu
1403 2264 1441 2327 de
1459 2262 1580 2346 Censes-

6 2383 8 2426 4
83 2356 239 2438 saiorum.
258 2357 317 2420 htS.
336 2360 454 2420 inBibl.
467 2358 637 2438 Bodleiano,
655 2363 801 2441 Lipsiensi
857 2369 951 2443 siene,
966 2359 1569 2444 4444444444444444444444444444444444

84 2459 112 2514 tt
124 2455 203 2514 44445-
860 2465 959 2528 Etiam
977 2475 1129 2522 sermones
1155 2458 1226 2519 huic
1243 2457 1369 2518 ilenrico
1395 2453 1501 2515 tribuit
1517 2454 1581 2513 Tri-

6 2573 7 2580 *
30 2615 33 2620 .
121 2543 433 2626 C⁰Pi⁷⁰1¹⁸l⁷⁰l⁰9⁰b
550 2607 551 2610 .
862 2557 1005 2631 themius,
1019 2569 1109 2633 quem
1125 2548 1254 2615 libenter
1271 2567 1392 2630 sequor,
1404 2564 1581 2627 quanquam

120 2644 284 2704 Tractatns
310 2639 346 2702 44
370 2638 583 2722 improbatione
602 2642 798 2724 epicyclcrunr
858 2649 1011 2715 oudinum
1022 2655 1095 2706 tom:
1107 2647 1135 2716 3,
1148 2662 1215 2724 pag.
1229 2645 1306 2705 42444
1318 2642 1583 2720 absurdumputat
1671 2713 1674 2724 Ι

84 2742 109 2798 44
126 2734 396 2798 memororum.
424 2733 582 2798 Theoricae
609 2734 802 2800 Plonetoram
861 2737 1062 2810 carthusiano
1076 2735 1540 2817 samonescdpopulumtribni.

6 2843 7 2852 ¹
86 2828 193 2891 etalio
209 2826 724 2909 quaalammnonomnalandau
743 2833 801 2894 Ge·
896 2835 977 2898 Alios
994 2841 1058 2894 tres
1076 2833 1219 2894 Henricos
1242 2831 1279 2890 de
1297 2833 1422 2906 Hassis,
1440 2827 1582 2912 quosvi-

86 2927 161 3004 4444
172 2921 443 2986 Purbachiol'raef-
455 2921 492 2984 ad
504 2923 800 3003 milassensium,
857 2947 957 2996 rorum
986 2927 1143 2989 doctorum
1166 2925 1312 2987 ancirano
1340 2923 1475 2998 444444,
1500 2936 1582 2982 con-

85 3018 132 3093 tiul
143 3013 240 3090 4444ᾶί4,
251 3031 343 3092 444444ῐῦ
353 3014 461 3077 41004448
480 3017 627 3077 Hflnricus
639 3016 686 3078 hic
697 3016 802 3079 Astro-
856 3026 999 3088 mentitos
1013 3037 1091 3098 csse,
1103 3020 1187 3081 444444
1209 3017 1303 3080 lector
1320 3015 1460 3079 accredet
1475 3015 1577 3076 obser-

85 3107 203 3170 nomiae
221 3107 321 3182 inerit,
338 3109 609 3170 commentationes
623 3108 689 3188 ejus
705 3110 803 3171 inGe-
855 3121 934 3180 varis
951 3113 1109 3177 abeodem
1128 3111 1247 3174 Ondino
1265 3117 1287 3172 t.
1306 3109 1333 3186 3,
1352 3127 1381 3190 p.
1400 3109 1478 3172 4256
1497 3123 1559 3186 seq.

86 3205 168 3264 nesin
186 3203 314 3278 testari,
331 3217 461 3280 quarum
478 3219 569 3281 supra
580 3206 642 3281 jam
662 3204 739 3265 iacta
756 3212 804 3265 est
896 3213 913 3247 ⁸
929 3209 964 3270 in
986 3205 1126 3272 Biblioth.
1140 3207 1193 3266 PP.
1208 3203 1425 3270 Benedictinor.
1445 3203 1474 3264 S.
1491 3203 1528 3264 ht.
1544 3199 1582 3262 ad

85 3298 207 3358 mentia·
223 3296 386 3374 Praecipue
409 3312 480 3356 vero
509 3295 676 3377 Theologus
697 3306 729 3358 et
744 3301 804 3360 ila-
858 3304 964 3366 Scotos
974 3303 1107 3363 Viennae
1125 3299 1220 3378 reperi
1235 3298 1414 3376 opusculum
1430 3294 1488 3358 hlS.
1502 3297 1581 3357 Hen-

85 3389 266 3453 thematicus
295 3388 467 3451 Giessensie
499 3390 626 3468 celebris
645 3391 683 3452 D.
714 3393 800 3452 loon.
859 3397 913 3457 rici
927 3395 964 3456 de
986 3395 1092 3456 Haesia
1112 3393 1235 3454 titulum
1255 3392 1483 3471 praeferentem.
1509 3390 1582 3450 Trn-

85 3481 229 3565 Georpius
246 3475 422 3544 Lieblrneclrt
437 3485 467 3544 44
482 3491 705 3561 programmate
717 3488 803 3546 inan·
855 3493 954 3550 ctams
975 3488 1012 3550 de
1029 3482 1269 3568 proprietatibus
1289 3481 1500 3564 reiipioeornnt
1520 3482 1581 3543 edi-

84 3579 177 3656 gurali
190 3576 228 3638 de
243 3577 348 3640 Hassis
365 3575 575 3640 mathematica
599 3577 686 3638 Anno
714 3578 802 3644 4747.
856 3590 906 3646 tus
934 3602 987 3662 per
1011 3583 1139 3662 magistr.
1168 3581 1330 3641 henricum
1357 3572 1395 3641 44
1423 3579 1581 3642 Hessius.

84 3671 179 3746 edito,
198 3678 290 3748 atque
311 3669 368 3732 An.
394 3669 473 3733 4722
491 3671 518 3732 8.
545 3673 710 3749 praemisso
727 3675 800 3735 Ora·
856 3677 1033 3755 Theologiae
1064 3676 1217 3737 doctorem
1239 3675 1382 3735 eximium
1406 3675 1436 3733 in
1466 3675 1580 3736 Vienna

83 3763 539 3828 44444444444444444444444444444
550 3764 801 3844 Theologianexu
856 3777 1022 3849 regentem.
1041 3771 1156 3848 incipit.
1180 3769 1239 3828 Pro
1265 3767 1362 3830 salute
1387 3785 1499 3828 4444444.
1520 3770 1581 3830 444-

83 3861 244 3922 }lenricum
262 3859 434 3920 nonminus
451 3864 562 3920 testem
580 3860 730 3938 insignem
745 3861 802 3922 Ve-
853 3862 971 3924 ordiam
999 3861 1080 3923 istud
1108 3863 1196 3940 longe
1223 3859 1380 3922 diversum
1405 3868 1453 3920 est
1478 3861 1517 3921 ab
1544 3879 1580 3921 eo

84 3955 190 4027 4444444,
204 3968 296 4030 quem
307 3951 585 4014 Mathematicarnm
604 3953 798 4016 scientiarum
854 3955 934 4035 quod
956 3956 1005 4016 hic
1022 3955 1131 4034 legitur
1146 3954 1225 4032 apud
1247 3955 1432 4015 Fabricium:
1453 3953 1581 4033 Repuls-

85 4065 138 4108 444
148 4055 284 4124 tempore
298 4045 327 4104 in
338 4045 497 4106 Germania
510 4047 739 4108 instauratorem
752 4065 801 4108 ce·
854 4048 935 4109 rium
949 4048 1011 4109 sice
1027 4045 1236 4108 claustralium
1253 4062 1344 4106 sacro
1361 4044 1475 4124 relipio.
1501 4049 1579 4108 Num

84 4140 230 4219 lebravit,
247 4139 445 4217 promisitque
463 4156 552 4218 opera
575 4138 641 4218 ejus
658 4157 691 4202 44
708 4142 797 4215 colle
854 4144 929 4204 44444
950 4141 1085 4202 eiusdem
1106 4141 1274 4219 argumenti
1297 4141 1414 4217 gemina
1435 4141 1579 4218 opuscula

87 4241 207 4296 ctnrnm
222 4231 592 4310 junctimquceditnrnm.
853 4231 988 4298 44444444
1027 4236 1186 4294 Τ44444444
1214 4239 1317 4293 contra
1347 4231 1579 4310 disceptationes
1644 4255 1649 4274 ι

122 4331 244 4390 Sintula
269 4323 437 4388 Facultates
471 4325 601 4406 Theolop.
621 4327 800 4390 noeoeane
853 4339 910 4391 etc.
932 4335 980 4389 est
1003 4329 1074 4388 mihi
1095 4325 1272 4386 Germanica
1288 4326 1378 4386 editio
1399 4328 1579 4406 Argentora-

89 4421 255 4486 Viermensis
279 4439 357 4499 quae
385 4439 455 4483 cum
476 4422 603 4482 ilenrico
624 4421 661 4483 44
689 4425 798 4502 Oytta,
854 4425 951 4484 tensis
973 4429 1006 4484 ut
1027 4422 1151 4482 coniicio
1178 4421 1236 4480 An.
1260 4421 1346 4482 4500.
1371 4421 1398 4478 44
1430 4421 1457 4478 t.
1480 4419 1509 4480 h.
1532 4421 1577 4480 tit.

87 4515 306 4580 1444444444
317 4515 479 4590 carinthia,
490 4515 801 4595 Augustinianacon-
854 4517 1003 4580 Hearicus
1036 4515 1072 4577 44
1100 4515 1213 4577 4444444
1236 4513 1392 4594 plantator
1422 4513 1581 4604 Gymnasii

86 4609 156 4670 rado
173 4609 209 4670 de
225 4607 350 4684 itbraeo,
372 4607 444 4670 Ord.
460 4609 584 4672 cisterc.
601 4609 729 4687 aliisque
744 4609 800 4670 444.
858 4611 1026 4672 Viennensis
1047 4611 1079 4670 in
1098 4608 1224 4670 Austrio
1241 4613 1359 4668 444444
1391 4607 1579 4688 disceptatio

88 4705 164 4766 4384
184 4701 332 4780 condidit,
358 4704 481 4784 vulgata
509 4709 617 4788 sunta
645 4699 801 4768 lambecio
855 4721 907 4765 nes
927 4710 958 4764 et
975 4703 1147 4764 rannerius
1163 4701 1404 4781 praedicationes
1421 4703 1481 4764 FF.
1498 4705 1579 4764 4444-

86 4805 157 4859 tem.
178 4799 206 4860 2.
224 4815 289 4878 pag.
306 4799 364 4863 425
379 4799 448 4862 238.
856 4795 996 4860 diocliam
1013 4815 1105 4877 snper
1126 4797 1309 4878 conceptione
1329 4799 1362 4858 ll.
1385 4799 1423 4860 ll.
1448 4796 1577 4876 Virpinis
