3608 5604
778 101 1025 164 Luciscit
1584 101 1645 166 565

150 213 223 270 tom.
246 208 274 284 t,
292 221 358 286 pag.
376 205 456 268 44447
469 213 501 268 44
517 207 736 286 Papebrochius
753 217 825 272 tom.
838 210 873 270 V.
927 209 1030 272 colen.
1052 215 1084 268 et
1106 207 1199 287 bugd.
1223 209 1381 288 repetitam
1398 213 1522 268 exstant
1539 209 1567 266 in
1583 207 1650 285 ejus

149 302 253 365 Actor.
269 302 449 362 Sanctorum
469 301 535 380 llaji
559 302 600 364 44
621 319 689 383 pag.
708 303 765 366 497
787 305 814 379 4)
833 303 870 365 ed
927 301 1111 363 Bibliotheca
1134 317 1220 363 sacro
1246 303 1369 381 prolana
1402 317 1467 382 pag.
1491 301 1559 362 457.
1582 301 1649 361 463.

150 395 219 458 aab.
241 396 292 471 nui
316 409 384 472 pag.
405 395 476 456 205.
504 395 607 458 laudat
638 396 787 458 Ambrosii
814 400 873 459 lla·
927 395 986 458 Sed
1020 396 1127 456 merito
1157 394 1260 456 doleas
1289 411 1359 456 cum
1382 396 1482 457 caveo
1502 399 1534 454 et
1564 394 1651 456 Colo·

151 489 247 567 chin,
277 488 499 567 archiepiscopi
532 489 692 550 calaritani
725 491 873 551 delensis·
926 489 1024 552 mesic
1043 489 1082 564 (in
1104 489 1337 566 paralipomenis
1366 503 1432 565 pas.
1454 487 1514 548 4455
1535 493 1567 546 44
1592 487 1651 548 Ob

151 599 221 642 nem
239 583 410 642 sanctitatis
427 582 563 655 Luciferi,
580 581 617 642 ad
636 583 789 645 Urbanum
807 585 872 646 Vlll
927 587 1053 642 servati.
1076 597 1153 642 saer.
1176 597 1241 659 pag.
1259 582 1327 656 439)
1341 597 1400 640 444
1419 578 1533 640 vidisse
1550 580 1649 641 iucem

149 674 262 736 editam
293 674 390 736 carali
422 691 472 736 44.
504 676 592 736 4639.
620 677 670 736 iol.
691 679 746 738 Pro
766 677 873 738 444444
928 673 1090 734 editionem
1125 674 1251 734 Luciferi
1282 687 1375 752 quam
1397 690 1508 752 parare
1529 689 1563 734 sc
1583 689 1651 752 pro·

152 773 268 848 pugnat
287 766 439 830 Antonius
458 768 578 830 Macedo
600 769 628 828 in
652 769 726 831 libro
745 769 784 831 'de
812 771 874 831 Diis
928 767 1029 828 lessus
1050 771 1098 826 est
1119 766 1289 828 cotelerius
1309 764 1347 831 ad
1368 767 1547 829 Constituit.
1572 767 1652 844 444

151 861 337 924 tutelaribus·
351 860 438 923 Orbis
459 851 621 924 Christiani
643 879 709 942 pag.
730 864 792 925 ata
808 880 872 943 seq.
928 860 995 921 stol.
1020 859 1055 920 44.
1077 860 1127 920 57.
1149 860 1202 920 his
1218 859 1339 920 verbis:
1357 859 1519 921 coeterum
1536 857 1584 921 liic
1599 856 1652 918 uba

151 955 222 1016 licet
238 960 343 1016 contra
357 954 483 1016 eandem
503 955 612 1031 multi,
626 963 662 1018 44
675 957 788 1018 Natalis
804 957 875 1019 Ale-
929 944 1025 1016 locum
1054 950 1190 1034 Luciferi
1214 951 1373 1014 illustrare
1404 957 1530 1014 conotus
1552 967 1620 1014 sum
1640 999 1650 1028 ,

150 1047 265 1111 rander
286 1049 317 1108 in
339 1047 462 1120 44444444
480 1049 621 1127 444444444
638 1049 789 1112 4444444444
803 1051 875 1114 Sas-
928 1042 1069 1106 Auctoris
1081 1044 1212 1108 4444444
1230 1043 1320 1125 (quod
1330 1061 1414 1106 uerno
1425 1044 1527 1122 nescit)
1544 1043 1653 1124 deprc-

152 1141 211 1202 culi
233 1142 281 1203 lV.
302 1146 388 1220 parta
411 1143 437 1202 4.
460 1158 528 1221 pag.
549 1143 614 1204 aas
629 1142 693 1222 se'q.
719 1143 875 1224 Apostoli·
915 1136 1094 1212 4444444444,
1116 1139 1142 1213 4)
1163 1135 1321 1199 utilissimi
1340 1142 1439 1198 tamen
1453 1137 1496 1198 ad
1515 1137 1653 1217 capitilio

150 1251 208 1298 cus
228 1239 275 1294 vir
296 1233 407 1296 dicitur
427 1237 457 1294 in
478 1235 576 1296 libello
604 1253 727 1314 precum
749 1253 766 1298 a
788 1239 874 1298 Luci·
929 1247 996 1292 uem
1013 1231 1264 1309 scripturorum,
1282 1228 1466 1290 admonitum
1494 1236 1521 1291 te
1544 1229 1651 1308 uelim,

152 1329 274 1390 lerianis
295 1329 461 1406 composito
482 1345 549 1407 pag.
566 1331 616 1390 itt.
631 1327 692 1391 sed
707 1336 738 1390 et
751 1329 874 1411 Aposto
928 1325 1036 1384 Lector
1052 1321 1198 1399 44444444,
1214 1339 1259 1383 me
1270 1321 1301 1382 iu
1311 1322 1472 1402 purgando
1488 1341 1521 1392 44
1538 1323 1667 1402 Aspice

152 1420 227 1483 tiores
249 1422 301 1482 uir
316 1419 460 1501 Lucifer.
476 1419 512 1480 oh
530 1419 583 1482 troc
604 1422 686 1502 quod
705 1421 777 1484 bene
798 1427 876 1484 esset
928 1414 1048 1480 stabulo
1060 1415 1226 1497 plurimum
1248 1414 1362 1477 loboris
1383 1415 1578 1496 impendisse,
1597 1424 1654 1496 pc-

151 1514 272 1594 44444444
278 1525 337 1594 per
348 1519 523 1586 4444444444
538 1505 661 1589 4444444,
670 1533 728 1596 per
738 1516 873 1578 studium
928 1517 1095 1591 suturaque
1110 1509 1229 1577 essenii
1240 1507 1468 1590 promerandam
1486 1509 1652 1585 colitianam,

151 1623 314 1668 sacrorum
332 1606 520 1682 litterarum,
533 1625 591 1690 per
605 1609 686 1670 oilae
697 1613 873 1692 puritatem,
928 1603 959 1669 ti
973 1601 1087 1664 librum
1102 1602 1234 1682 aliquem
1248 1603 1315 1664 Ma.
1334 1608 1441 1664 rinctus
1456 1601 1553 1684 44444.
1574 1605 1610 1664 tu
1626 1603 1656 1665 si

146 1700 412 1780 percorutontiom
419 1700 499 1781 fidei,
506 1719 566 1781 per
573 1702 707 1781 proteum
718 1703 872 1780 Divinam,
927 1695 1006 1782 sorte
1023 1698 1056 1756 in
1071 1711 1180 1756 monus
1200 1701 1285 1772 4444,
1300 1701 1355 1756 out
1370 1695 1507 1756 notitiem
1523 1697 1650 1772 auserit,

150 1811 172 1853 4
188 1797 322 1856 Romanu
339 1792 476 1854 Ecclesia
503 1793 616 1855 missus
633 1801 681 1856 est
701 1793 817 1872 44444444
833 1794 876 1857 444
927 1805 1043 1850 mecum
1059 1789 1281 1850 communicare
1300 1805 1359 1850 con
1386 1789 1581 1868 dedigneris,
1601 1789 1654 1849 lio-

154 1887 379 1950 Constorstium:
402 1893 432 1948 44
451 1884 489 1947 444
508 1885 562 1948 hoc
587 1887 668 1967 4444
683 1887 772 1968 fidem
788 1905 874 1950 uene·
927 1881 1036 1944 minem
1047 1899 1105 1966 non
1115 1882 1268 1962 inpactum
1279 1880 1433 1962 4444444444
1446 1880 1584 1962 beneficio
1597 1881 1653 1944 tihi

151 1978 281 2042 rabilem
294 1977 479 2056 umdicoott,
497 1979 578 2060 quod
593 1979 710 2042 cetenis
728 1985 757 2042 et
775 1981 875 2042 sonui
928 1973 1113 2048 devicturus.
1148 1979 1230 2037 Post.
1249 1977 1387 2038 cotelerii
1420 1984 1548 2036 mortem
1578 1975 1668 2036 nihil.

154 2075 198 2136 ait
212 2073 396 2148 haereticos,
414 2072 523 2134 ductus
543 2080 589 2135 est
611 2074 642 2134 in
658 2073 788 2136 emiliam
806 2091 875 2136 44444
929 2070 1184 2144 inremuneratus,
1206 2085 1244 2130 ex
1259 2069 1372 2130 44444444
1391 2067 1449 2129 444
1467 2074 1553 2131 notat
1568 2069 1651 2130 Rich.

151 2169 231 2232 omni
245 2170 403 2229 atrocitate
416 2167 615 2248 injuriarum.
631 2170 664 2230 44
676 2171 873 2248 scriptiseius
930 2164 1044 2224 Simon·
1077 2169 1149 2223 4044·
1178 2165 1211 2239 44
1242 2179 1309 2242 4344·
1329 2161 1384 2222 ⁶⁰·
1416 2161 1588 2224 0444444444·
1621 2164 1650 2222 44

151 2263 295 2324 familiam
317 2262 435 2324 ducunt
457 2259 531 2322 libri
549 2260 613 2323 duo
625 2279 684 2342 pro
709 2261 874 2324 4444444444
928 2258 1103 2337 Dupinium.
1117 2257 1195 2318 Sunt
1212 2259 1264 2334 qui
1282 2256 1476 2334 suspicantur
1491 2256 1650 2318 consilium

151 2355 418 2418 accrescentium
440 2356 513 2435 4444.
541 2357 570 2416 44
592 2356 703 2433 quibus
725 2362 819 2418 totam
841 2357 872 2418 S.
929 2350 1002 2412 illud
1020 2348 1130 2412 deinde
1152 2350 1335 2412 coteleriurn
1356 2347 1521 2426 abjecisse,
1540 2365 1578 2408 ne
1595 2349 1653 2410 Lu—

151 2450 338 2528 Scripturam
373 2449 478 2510 ordina
510 2450 659 2528 percurrit
686 2463 723 2510 ex
745 2451 874 2531 singulis
933 2446 1017 2506 citeri
1051 2444 1153 2506 verbis
1184 2445 1295 2523 Regem
1327 2459 1443 2518 44444,
1473 2443 1654 2521 llugonottia

151 2543 236 2603 libris
264 2542 369 2603 ordine
401 2548 544 2621 repetens
571 2539 652 2621 ’4444
671 2542 708 2604 44
731 2545 876 2606 constan·
931 2545 1005 2599 tune
1025 2554 1152 2618 gravem
1174 2538 1293 2617 pulsare
1315 2537 1479 2598 videretur.
1502 2536 1558 2608 Qui
1580 2553 1653 2597 uero

144 2638 227 2700 tium
243 2637 373 2716 applicet
389 2637 541 2713 atquibus
555 2641 796 2714 persecutionem
808 2637 875 2715 ejus
930 2633 1059 2692 Lucileri
1071 2630 1653 2708 inconstantium,lmpemtoramsuum

150 2730 329 2792 detestetur.
353 2730 438 2790 Liber
459 2729 614 2791 secundos
627 2733 652 2792 'a
678 2731 809 2793 teremia
831 2735 876 2792 in·
930 2724 1111 2786 lacessentis
1127 2725 1274 2785 acerrima
1295 2725 1406 2801 scripta
1426 2722 1565 2796 laudant,
1583 2722 1655 2782 iaci-

151 2825 233 2902 cipit.
265 2823 412 2894 Quoniam
445 2838 518 2882 uem
550 2823 607 2885 alia
635 2826 778 2886 uersiona
801 2839 876 2890 usus
931 2819 990 2880 lius
1019 2811 1211 2880 excusabunt
1236 2833 1315 2894 quac
1348 2811 1502 2880 lutherus
1534 2815 1653 2875 externi

152 2916 356 2988 4444444444,
379 2915 441 2977 loca
464 2916 608 2994 pleraque
628 2916 716 2978 aliter
732 2917 876 2996 leguntur
929 2913 1020 2992 Regis
1041 2913 1155 2990 scripto
1177 2903 1363 2990 4444444444
1388 2911 1489 2989 444444
1516 2910 1654 2988 asperius

150 3023 242 3086 cuam
257 3009 287 3067 in
311 3008 424 3068 Latinis
445 3009 559 3068 nostris
575 3008 737 3070 bibliorum
760 3011 876 3072 codici·
930 3006 1061 3084 scripsit.
1080 3006 1166 3066 Sicut
1194 2989 1296 3065 a'utem
1323 3003 1440 3065 Luciler
1462 2999 1563 3062 verbis
1584 3003 1655 3062 licet

151 3103 227 3175 bus,
251 3110 284 3162 ut
304 3093 431 3179 apparet
451 3117 487 3162 es
510 3102 668 3164 collatione
688 3119 750 3181 qua
771 3108 797 3162 J.
821 3106 876 3165 44-
931 3099 1165 3171 vehementior,
1183 3096 1263 3174 quod
1280 3087 1345 3175 ipse
1362 3095 1500 3174 pluribus
1527 3096 1656 3174 Pmphc·

151 3195 278 3255 doricus
299 3193 337 3254 de
356 3193 387 3254 44
408 3193 505 3255 cerda
525 3211 582 3273 cap
609 3196 740 3258 ctxlll.
759 3196 876 3258 44444-
931 3199 1032 3253 tarum
1054 3191 1204 3270 exemplis
1223 3192 1252 3252 44
1267 3181 1364 3268 Reges
1381 3195 1537 3267 apostatas
1554 3187 1657 3249 deien-

150 3287 301 3346 seriorum
317 3301 473 3346 sacmrum
488 3303 555 3364 pag.
574 3287 644 3348 404.
663 3287 732 3350 tlt.
748 3289 829 3350 dicta
845 3292 875 3350 in
932 3285 997 3358 444,
1019 3291 1122 3346 tamen
1156 3283 1362 3344 alienissimus
1394 3297 1515 3360 semper
1544 3283 1600 3343 tuit
1619 3282 1657 3343 ab

149 3379 249 3456 priore
280 3379 408 3440 Lucileri
441 3379 518 3439 libro
537 3381 666 3461 allegata
690 3397 761 3442 cum
784 3384 877 3443 inter·
930 3379 1011 3440 omni
1034 3375 1304 3452 violentiaedlvel
1320 3375 1491 3437 rebellionis
1511 3375 1655 3452 consilio,

150 3472 318 3550 pretatione
341 3471 469 3550 Vulgata
490 3475 628 3535 contulit.
643 3475 774 3538 caetera
792 3478 878 3537 Luci·
931 3474 972 3532 ita
995 3477 1029 3532 ut
1050 3477 1190 3550 paratum
1222 3469 1334 3547 ubique
1362 3471 1504 3548 blartyrio
1535 3467 1656 3530 lerendo

151 3565 205 3626 leri
224 3565 336 3642 scripta
354 3581 414 3624 non
437 3567 583 3626 minorem
607 3568 712 3632 chum
732 3569 877 3648 spirantia
931 3568 1067 3628 animuin
1080 3564 1246 3626 ostendat:
1264 3562 1344 3624 idem
1363 3566 1456 3624 etiam
1472 3561 1511 3624 da
1526 3561 1656 3624 Lutbem

150 3664 243 3720 sunt:
264 3658 308 3718 De
323 3655 455 3736 Regibus
465 3657 657 3739 4444444444.
673 3661 717 3722 De
734 3679 794 3722 444
810 3679 877 3722 corr·
933 3666 1058 3732 nostro,
1078 3655 1146 3735 jure
1168 3657 1292 3718 dixeris.

148 3749 292 3813 ueniendo
309 3767 377 3812 cum
394 3749 571 3815 Haeretictir.
590 3756 633 3816 De
650 3772 710 3815 con
721 3753 875 3835 parcendo
971 3751 1085 3824 *Quod
1098 3751 1234 3825 ortodoxi
1253 3751 1382 3813 luthero
1393 3751 1512 3811 crimini
1527 3755 1655 3811 uertunt

147 3841 389 3924 delinquentibus
403 3843 434 3903 in
449 3845 566 3906 44444444.
584 3847 672 3923 Quod
686 3847 875 3908 aturensium
931 3852 1058 3906 nonest
1078 3847 1185 3923 utique
1205 3846 1334 3922 spiritus
1356 3838 1516 3903 seditionis
1538 3845 1567 3901 in
1590 3859 1656 3903 saa-
1677 3838 1687 3857 ⁸

147 3938 190 4001 444
201 3955 259 4019 444
276 3936 354 3998 Filio
368 3937 447 3996 4444.
465 3937 584 4009 Quibus
595 3939 725 4018 denique
742 3937 877 4020 Epistola
931 3939 1051 4004 celares
1072 3939 1244 4016 principes3
1263 3935 1315 3996 sed
1339 3951 1423 3996 rcum
1444 3933 1657 4012 perduellionis

147 4029 305 4093 brevisud
320 4027 509 4092 Florentium
519 4032 692 4108 subjicitur.
707 4033 876 4096 Nonnullae
933 4033 964 4092 in
983 4030 1088 4092 Fidem
1111 4036 1144 4089 44
1165 4028 1350 4090 catholicam
1369 4028 1534 4090 Ecclesiam
1553 4033 1657 4106 postu

147 4127 244 4190 Latini
273 4125 381 4188 Latinii
405 4127 622 4204 castigationes
642 4124 680 4187 ad
712 4127 876 4187 editionem
932 4124 1005 4186 lant.
1039 4123 1222 4201 Quanquam
1248 4138 1304 4182 nec
1326 4119 1508 4182 laudandum
1530 4127 1657 4180 censent

108 4232 109 4241 ¹
148 4221 277 4282 Lucileri
310 4223 486 4280 curatama
518 4219 634 4281 loanne
666 4221 761 4295 Tillo,
783 4220 875 4282 Paris.
933 4216 1013 4296 qnod
1035 4217 1164 4277 Sacram
1194 4218 1283 4296 liegis
1311 4213 1503 4293 majestatem
1526 4213 1657 4291 indignis

150 4313 238 4374 4548.
266 4313 294 4374 8.
313 4311 347 4388 4))
366 4317 459 4392 atque
481 4314 511 4373 in
539 4314 724 4376 editionibus
753 4316 876 4377 Petrum
932 4313 1006 4375 adeo
1026 4310 1125 4371 modis
1142 4310 1312 4372 traduxerit
1338 4307 1401 4370 Nec
1417 4314 1466 4369 est
1481 4324 1656 4370 carerem-

60 4569 64 4576 ,
189 4511 216 4572 4)
233 4513 297 4562 Blae
314 4511 420 4577 eolllgm
437 4511 491 4563 44444
508 4512 621 4564 betelem
632 4511 701 4564 4144.
717 4515 761 4576 444
778 4511 880 4564 imile·
973 4514 1001 4574 b)
1018 4517 1089 4562 44444
1106 4511 1245 4562 editionem
1261 4521 1319 4562 enm
1335 4512 1402 4560 44444
1419 4509 1501 4560 bonae
1517 4512 1593 4558 44444
1605 4509 1657 4560 ecl·

145 4595 201 4638 rum
218 4583 324 4638 solitum
341 4585 390 4637 4444
410 4588 480 4638 lotus
495 4592 591 4639 4444444
607 4600 622 4638 4
639 4587 723 4638 tardis
736 4599 786 4638 444
807 4592 880 4652 potat
925 4589 1003 4640 latam
1019 4589 1101 4641 erolrl
1122 4592 1150 4639 ln
1166 4586 1232 4638 444444.
1251 4591 1364 4636 ioannes
1380 4584 1458 4647 hujus
1474 4583 1555 4634 Urbis.

144 4660 215 4711 bunc
230 4662 403 4723 antiquiorem
426 4672 480 4711 asse
505 4662 667 4726 4444444444,
693 4662 737 4714 444
771 4662 879 4714 alterum
971 4664 995 4725 4)
1012 4663 1080 4714 adde
1092 4663 1162 4714 4444444
1175 4659 1253 4724 praet.
1262 4661 1292 4710 ad
1305 4663 1401 4710 44444444
1412 4663 1480 4708 test.
1494 4671 1520 4708 n.
1532 4657 1592 4708 m.
1602 4670 1655 4721 seq.

142 4737 273 4799 juniorem
290 4737 316 4786 44
334 4734 513 4798 persecutione
539 4735 675 4790 vandalica
701 4738 820 4800 exulem,
847 4737 879 4789 de
969 4737 996 4802 4)
1013 4738 1103 4789 conier
1118 4735 1240 4788 samuelis
1256 4737 1360 4787 Parieti
1375 4735 1490 4797 liellglcn
1506 4732 1555 4784 and
1567 4733 1657 4795 toral·

142 4809 496 4874 consiliosissimus.
925 4821 952 4877 tr
971 4819 1031 4865 tom.
1050 4812 1061 4862 l
1081 4825 1140 4878 pag.
1157 4809 1213 4860 4444.
1231 4823 1284 4872 sec.

1683 5143 1803 5256 Α4
