3562 5582
683 59 961 136 Eluaalotl
1503 59 1564 124 245

83 166 264 244 Hermogenis
280 164 415 242 aliaeque
430 181 447 224 e
463 163 559 224 64666
576 163 789 228 translationes
845 169 922 246 agit,
944 171 1035 245 atque
1057 167 1141 228 illum
1164 165 1308 230 celidonii
1330 165 1498 244 legitimum
1512 165 1562 245 ju·

80 246 158 321 elatee¹
170 265 250 320 sunt.
265 257 346 317 Prior
365 257 414 318 ille
437 255 557 318 edoma
576 257 713 320 Lanteria
729 257 790 320 446-
842 261 959 346 dcem,
976 260 1045 338 jure
1066 261 1284 340 lletrupolitnci
1306 261 1399 322 luisse
1420 260 1562 335 ostendit,

80 351 179 414 diolaai
193 356 282 414 natus
298 349 453 428 protessus
468 355 516 410 est
544 349 653 411 ibidem
668 353 699 411 in
714 351 790 414 Cae-
850 352 944 414 Vitam
964 370 1038 414 vero
1069 355 1100 416 8.
1135 352 1266 416 Romam
1296 352 1422 415 Abbatis
1453 357 1483 414 iu
1505 371 1566 432 qua

80 445 160 506 66646
178 441 247 504 0444.
265 444 297 504 8.
312 442 466 504 Benedicti
485 445 656 506 lloaasterii
671 443 722 506 SS.
739 447 792 506 Pe·
849 446 1041 508 vesontionis
1063 441 1238 526 metropolis
1259 446 1429 508 Patriarcha
1454 446 1565 509 dicitur

86 540 160 598 triet
174 535 267 613 Pauli,
279 541 311 598 et
324 534 482 598 4446644664
494 534 630 600 eiusdem
658 537 795 600 obtinuit.
847 539 1040 616 Calidoniae,
1061 539 1141 620 apud
1163 541 1311 603 4664466444
1330 541 1476 602 46666646
1497 539 1567 604 Chi-

79 634 189 693 4466464
207 629 256 692 4446
277 643 355 707 quae
383 628 524 707 66664466
549 627 702 706 indicari,
720 634 794 692 scri·
849 633 964 694 lletium
982 635 1012 694 in
1030 634 1213 694 vesontione
1229 639 1315 712 parte
1331 635 1362 696 2.
1374 651 1440 713 pag.
1456 634 1506 696 99.
1524 636 1568 694 46-

79 725 227 804 psitetiam
242 721 279 783 de
291 719 486 784 translatione
498 718 658 794 64644448.
672 722 796 806 6664644
849 727 1027 806 4646616466
1039 743 1109 788 esse
1122 733 1215 804 atquo
1232 727 1418 788 auctoritatis
1431 717 1567 806 exig'uae.

78 815 223 896 nartpris,
240 814 276 876 de
289 814 474 896 conceptione
487 812 639 904 plorimae
654 816 794 896 44464644,
849 821 1139 900 Semipalagianisml
1161 835 1281 898 quoque
1303 819 1451 882 maculam
1462 820 1500 880 ah
1511 813 1569 882 nr·-

78 909 285 972 deoisitatione
295 905 794 982 dmdemdemtemntmusna-
850 912 923 974 lario
943 913 1122 993 abstergunt
1143 919 1263 993 praeter
1283 913 1478 985 Quesoelluru
1500 931 1569 993 pag.

77 1003 190 1066 rraead
208 1003 315 1078 Nives,
334 1001 370 1063 de
387 1019 498 1064 corona
513 1020 612 1064 aurea
631 1001 790 1066 stelionem
848 1007 917 1067 4444).
938 1021 986 1084 sq.
1006 1007 1218 1068 Pillemontius
1246 1011 1320 1067 tom.
1351 1009 1400 1069 46.
1420 1025 1487 1088 666.
1519 1009 1568 1070 62

78 1095 220 1158 duodecim
236 1095 331 1158 erilem
346 1096 459 1174 virpim
475 1094 635 1176 panpmdc
651 1097 793 1177 6446444446,
848 1116 911 1178 seq.
932 1105 964 1161 et
985 1101 1088 1161 lirano
1107 1097 1280 1162 Neusserus
1301 1101 1330 1160 in
1353 1100 1511 1179 prodromo
1533 1103 1568 1162 et

79 1192 110 1254 de
121 1189 246 1271 {laribus
268 1187 421 1268 excerptis
438 1205 482 1250 eoo
500 1187 655 1268 opuscula
669 1192 701 1254 8.
719 1193 795 1254 Ber-
849 1195 878 1254 iu
900 1191 985 1255 dctis
1006 1193 1169 1254 8644464646
1190 1189 1211 1253 r:
1235 1193 1271 1254 44.
1292 1192 1359 1271 ldaji
1380 1211 1410 1273 6.
1433 1195 1481 1255 34.
1503 1183 1582 1274 666.

78 1283 159 1363 nardi
176 1280 319 1360 actara,
337 1281 373 1344 de
390 1279 533 1346 4664444464
549 1284 584 1342 B.
601 1283 641 1346 dl.
666 1286 694 1346 V.
714 1302 793 1364 qnae
888 1287 1006 1366 Scripta
1023 1284 1090 1364 ejus
1111 1285 1185 1346 baec
1202 1290 1345 1348 sustam:
1496 1304 1500 1312 ¹

12 1435 13 1440 ,
77 1386 217 1456 6664464446
235 1384 364 1455 quatuor
381 1377 471 1438 simul
489 1374 596 1454 juncta
615 1378 792 1456 prodierunt
888 1381 934 1445 446
957 1379 1023 1441 Vita
1043 1381 1077 1442 8.
1105 1377 1256 1440 Honorati
1274 1379 1514 1458 praedecessoris
1537 1382 1567 1440 in

76 1471 221 1534 Mediolani
237 1487 285 1535 an.
302 1469 390 1530 4494.
407 1471 543 1548 Denique
554 1473 637 1552 typis
649 1473 792 1534 4644666-
850 1477 1034 1555 Episcopatu
1051 1475 1099 1535 664
1120 1473 1225 1534 &rma
1246 1489 1337 1551 quem
1367 1471 1471 1536 laudat
1490 1473 1570 1536 Geb-

77 1565 150 1626 64666
164 1562 359 1626 addititia
378 1562 396 1623 4
413 1561 522 1642 prodiit
536 1565 603 1626 eius
619 1555 789 1628 Perediam
848 1567 1046 1648 nodius'cop.
1075 1568 1122 1627 69.
1156 1564 1291 1628 Isidorus
1311 1583 1376 1647 cap.
1398 1569 1447 1629 46.
1469 1567 1567 1630 44666-

78 1655 226 1718 dicamas
244 1655 275 1715 in
294 1656 484 1736 apparitione
500 1643 737 1736 comminuam
756 1660 790 1721 li·
847 1663 911 1723 4466
933 1659 1099 1741 Augustod.
1134 1661 1185 1722 444.
1218 1661 1265 1721 ts.
1286 1659 1472 1723 Trithemius
1503 1679 1568 1741 666.

12 1817 13 1830 1
78 1750 156 1812 hrum
171 1749 333 1812 authorem
351 1751 434 1812 6666
454 1750 636 1814 hilarionem
655 1753 734 1816 46446
751 1770 790 1816 ex
851 1757 919 1818 449.
936 1754 1040 1818 Edidit
1055 1754 1210 1818 644664466
1225 1752 1454 1831 Geoehrandus,
1475 1756 1567 1816 Paris.

12 1857 13 1890 l
77 1843 258 1906 adnotatione
285 1843 344 1906 llS.
372 1844 473 1906 Codiei
497 1843 595 1906 eidem
613 1844 730 1908 adiectu
748 1853 793 1908 te-
846 1849 924 1912 4578
937 1848 967 1909 8.
983 1849 1161 1910 Vincentius
1177 1847 1307 1908 barralis
1320 1847 1351 1906 46
1365 1847 1564 1924 chronologia

12 1955 13 2008 l
77 1943 164 1998 646464
183 1939 218 1996 P.
235 1935 393 1999 4446641464
419 1937 540 1998 ibidem.
558 1939 631 2000 66444
651 1941 791 2004 Mantuae
844 1943 1025 2003 8666464646
1039 1957 1143 2002 sacrae
1153 1939 1273 2002 lasulae
1285 1941 1460 2016 Lirinensis,
1473 1938 1568 2018 bugd.

12 2021 13 2028 '
75 2046 115 2090 66.
132 2031 223 2091 4624.
845 2035 924 2096 4643
942 2033 972 2095 4.
986 2035 1095 2096 Sarius
1113 2035 1150 2096 46
1168 2035 1291 2094 466664.
1308 2036 1340 2094 et
1354 2030 1517 2094 bollandus
1532 2033 1564 2090 in

108 2122 287 2186 4444444404
318 2123 506 2201 4464464464,
533 2125 636 2204 466464
664 2129 791 2208 quidem·
845 2124 928 2190 dctis
955 2127 1135 2188 Sanctorum
1154 2132 1226 2185 tom.
1244 2126 1273 2188 2.
1294 2125 1418 2186 ianuar.
1434 2141 1503 2204 pag:
1521 2122 1569 2186 47.

75 2232 155 2294 quam
178 2217 293 2278 644466
318 2218 383 2280 loco
409 2219 512 2282 4646444
537 2237 555 2282 6
581 2239 630 2284 466
657 2223 787 2297 dehent,
840 2222 889 2284 24.
907 2220 1017 2284 Confer
1033 2221 1058 2280 si
1076 2219 1175 2300 placet
1192 2233 1269 2298 quae
1286 2215 1492 2280 dellonomto
1507 2216 1568 2277 Pil·

75 2309 123 2370 4644
139 2312 222 2374 66464
246 2313 383 2374 vicarius
400 2313 557 2378 cartusiae
575 2315 786 2380 Gemoicsnsis
841 2315 1004 2376 lemuctius
1020 2319 1094 2374 4664.
1113 2315 1152 2376 42
1164 2313 1332 2374 6464664464.
1347 2327 1414 2390 pag.
1427 2311 1485 2374 964
1501 2325 1566 2389 seq.

75 2403 245 2468 industria
277 2407 324 2468 ab.
353 2408 440 2470 Anno
474 2409 559 2470 4606.
582 2415 614 2471 64
634 2411 676 2474 66
696 2411 785 2475 4699.
884 2403 1571 2484 466446666866666446644444644646466·

75 2497 146 2558 Prior
165 2505 261 2576 64666
281 2501 424 2562 visitator
444 2503 618 2566 Provinciae
645 2504 787 2568 444646644-
841 2502 905 2576 646,
935 2501 1094 2575 namatio,
1120 2507 1212 2578 atque
1233 2499 1273 2559 de
1289 2499 1396 2560 eodem
1416 2514 1572 2559 46464664

75 2590 155 2666 cho,
174 2592 361 2654 Lutheranis
383 2595 494 2656 6664446
515 2612 623 2676 664646
644 2613 784 2675 aequus:
845 2595 949 2674 iisqui
976 2593 1035 2656 666
1051 2593 1175 2654 Eusebii
1203 2593 1347 2654 Emeseni
1364 2591 1504 2670 Episcopi
1520 2607 1573 2650 nu-

73 2683 158 2761 llujus
178 2683 304 2748 86444644
319 2690 348 2744 et
364 2685 530 2762 Davidem,
547 2705 603 2752 seu
621 2695 789 2759 4466464664
845 2687 926 2748 mine
945 2686 1045 2748 lacem
1059 2683 1212 2760 viderunt,
1223 2683 1437 2762 646466466644
1450 2683 1573 2744 Surium

74 2775 203 2841 debonis
220 2784 251 2839 et
265 2776 353 2840 4446444
369 2778 547 2842 Pectoribus
564 2782 700 2861 vulgavit
717 2785 790 2844 Ber·
845 2779 882 2840 ad
912 2779 1041 2857 Augusti
1069 2776 1162 2844 XXV.
1191 2791 1367 2855 quanquam
1392 2775 1583 2838 Paschasius

74 2872 178 2934 nardus
199 2875 259 2934 466
280 2877 384 2946 tomi
410 2875 609 2942 Bibliothecae
638 2879 787 2938 asceticae
846 2865 1575 2947 Quesoallusnarrstionemillamputabetabhor-

74 2979 98 3040 6
114 2965 259 3028 297-344.
279 2968 381 3046 illique
398 2967 557 3045 srthunxit
570 2969 791 3032 8646666466·
847 2983 913 3028 4646
929 2965 968 3027 66
984 2965 1085 3027 44446444
1104 2963 1246 3026 46666446
1268 2967 1299 3024 64
1316 2963 1418 3042 potius
1438 2960 1573 3022 redolere

71 3057 215 3135 6444446464
240 3063 334 3124 XXV.
363 3079 391 3139 6.
414 3059 555 3126 647-626.
563 3068 596 3123 64
611 3061 791 3128 Tirociru'am
846 3062 962 3140 stylum
979 3051 1123 3122 Honorati
1140 3057 1346 3129 Massiliensis,
1358 3055 1396 3116 de
1413 3071 1474 3134 quo
1494 3053 1573 3114 Gen·

74 3151 265 3233 4644466466.
278 3154 421 3222 tit-527.
436 3155 620 3226 Eatisbonne
639 3159 727 3220 4723.
742 3160 772 3220 8.
843 3155 953 3216 andins
974 3171 1002 3216 c.
1021 3155 1071 3214 99.

108 3248 136 3310 S.
154 3247 336 3310 lllLAlllUS
355 3267 393 3310 ox
411 3247 522 3313 asceta
539 3249 688 3312 hirloensi
704 3252 792 3330 Epis-
887 3250 921 3309 lu
949 3247 1145 3308 bibliothecis
1172 3247 1317 3321 Petrum,
1345 3249 1379 3306 ut
1400 3243 1571 3305 Coloniensi

74 3343 231 3418 oopusAn.
252 3341 319 3416 429,
337 3339 532 3416 Arelatensis,
551 3342 623 3404 abiit
640 3343 697 3406 4444.
716 3344 785 3406 449.
848 3343 969 3404 romv.
992 3341 1124 3424 664462.
1143 3346 1175 3400 64
1197 3337 1392 3418 lugdunensi
1410 3343 1484 3398 4646.
1505 3336 1568 3397 vn.
1659 3331 1664 3344 '

75 3431 162 3513 Cujus
190 3425 254 3496 4446
275 3437 342 3496 6446
363 3451 380 3496 6
402 3435 596 3498 4044444440
617 3451 793 3500 6666666646
849 3455 916 3518 pag.
931 3438 1010 3500 4229
1025 3451 1089 3513 seq.
1108 3431 1266 3508 subtituto
1277 3431 1501 3510 opusculorum
1519 3429 1574 3491 hu·
1663 3493 1666 3500 ,

75 3531 222 3592 6444644444
241 3530 432 3592 4644686446
448 3531 479 3604 a)
497 3530 614 3592 644666
629 3529 796 3594 440440444-
847 3531 899 3610 jus
913 3532 1014 3594 Eilarii
1036 3529 1214 3606 neutiquam
1228 3541 1307 3605 quae
1321 3530 1446 3588 64646444
1462 3539 1573 3597 646646,

74 3619 119 3684 TO
137 3622 321 3698 4466446664,
342 3624 409 3684 6446
430 3623 468 3686 66
488 3624 546 3684 6446
565 3623 592 3700 6)
616 3625 791 3702 synchrono
850 3626 903 3688 sed
925 3621 1135 3687 tantummodo
1149 3621 1224 3684 haec
1241 3619 1299 3681 tria
1315 3617 1519 3692 6464666464,
1541 3619 1572 3676 46

76 3717 179 3798 6444646
202 3722 306 3780 exsut
326 3715 407 3794 apud
426 3716 549 3781 86446444
570 3717 608 3777 ed
631 3718 666 3777 V.
681 3716 748 3795 44644
765 3724 797 3778 64
851 3720 953 3782 Hilarii
971 3711 1169 3780 Piet'ariensis
1181 3711 1364 3775 editionibus
1374 3711 1413 3773 ab
1426 3709 1483 3773 dn.
1495 3709 1574 3772 retr

78 3811 104 3868 46
125 3811 275 3874 Vincentii
296 3809 430 3874 Barralis
453 3807 648 3890 chronologia
669 3811 799 3872 vSancto·
851 3815 941 3874 644646
953 3811 1079 3872 6644644
1103 3802 1575 3888 Ephmhadliueheriumqueru

77 3919 140 3964 46444
179 3905 406 3981 lirinensium,
450 3909 481 3964 et
515 3919 585 3965 6646
618 3903 797 3964 446666446644
851 3904 1048 3983 466646,4466
1063 3909 1110 3962 664
1121 3901 1306 3979 Episcopum
1317 3895 1574 3975 (Lugdunensem)

13 4019 14 4026 ¹
77 3999 151 4059 notis
187 4001 217 4058 in
249 3995 334 4058 Actis
361 3998 540 4066 Sanctorum
570 3995 638 4074 lieji
668 4003 739 4060 tom.
768 3998 798 4058 2.
851 3997 999 4078 appellat:
1016 4002 1048 4056 et

74 4105 133 4170 pag.
155 4093 206 4168 25.
228 4107 293 4169 seq.
315 4089 426 4170 quibus
443 4087 621 4168 jungendus
636 4089 797 4152 Tillemon-
890 4088 1061 4169 2446464646
1092 4086 1129 4147 ad
1161 4084 1382 4162 sogdeanum,
1416 4095 1495 4158 quae
1524 4095 1576 4158 po-

77 4185 133 4244 tius
153 4192 177 4244 t.
198 4185 264 4246 XV.
288 4185 458 4246 6466464464.
473 4187 506 4244 64
522 4182 701 4260 Paschasius
717 4183 798 4254 Quo·
851 4187 912 4247 tius
928 4189 977 4246 est
988 4181 1127 4244 ElLdlill
1145 4173 1352 4258 8646664644,
1364 4173 1402 4234 de
1416 4187 1476 4251 quo
1487 4173 1573 4234 46444.

78 4279 189 4340 6664466
218 4278 257 4340 ad
279 4279 410 4342 Leonem
442 4278 605 4355 linguam,
636 4279 796 4355 praecipue
891 4280 1064 4342 36646466
1080 4264 1574 4335 heroicumdeGeneaeochistorio

77 4369 144 4432 diss
163 4373 197 4432 44.
221 4375 250 4436 46
269 4388 328 4450 qua
346 4377 414 4449 post
428 4371 620 4431 Franciscum
639 4370 795 4430 bivarium
852 4389 949 4450 usque
966 4369 1003 4432 nd
1022 4370 1187 4440 4444644646,
1204 4363 1242 4426 nd
1264 4365 1396 4424 Leonem
1411 4361 1433 4420 l.
1450 4361 1575 4439 spisso

78 4467 154 4525 notis
174 4463 212 4528 ad
234 4465 402 4528 6444664666
424 4465 450 4526 44
478 4463 598 4524 44644644
614 4461 651 4522 od
670 4460 792 4524 4466664
850 4481 922 4545 6664
935 4457 1361 4542 44664.66664666444664’6446
1378 4455 1474 4533 666446
1488 4453 1575 4517 Chri-

14 4595 15 4598 =
81 4558 147 4618 449.
169 4573 235 4638 pag.
260 4557 328 4619 469.
350 4573 397 4634 sq.
418 4571 541 4618 causum
558 4554 658 4616 Hilarii
674 4560 798 4616 strenue
851 4559 958 4620 6446646
973 4557 1091 4634 Georgii
1109 4553 1243 4628 46644644,
1257 4556 1289 4612 64
1305 4549 1384 4609 iuter
1401 4547 1502 4609 44446444
1529 4549 1576 4610 Pi·

14 4721 15 4730 ,
117 4701 144 4766 Ι)
161 4713 219 4765 Μ,
235 4701 277 4752 57·
295 4713 349 4765 Μ.
366 4701 484 4751 mmm
500 4699 638 4750 mmm
853 4653 1018 4714 ctariensis
1037 4665 1146 4727 66646,
1162 4651 1194 4706 64
1213 4644 1375 4724 6666464464
1395 4657 1467 4702 6664
1489 4643 1569 4703 66444

118 4777 146 4839 6)
162 4777 225 4830 vide
241 4782 303 4830 neti
319 4780 543 4828 montecontorio.
557 4770 748 4838 7144464464,
761 4774 803 4832 sq,
853 4746 977 4834 4666646
995 4743 1124 4806 Weltzii.
1140 4738 1276 4816 Praeconi,
1295 4735 1373 4800 tata
1389 4738 1419 4796 8.

1765 167 1767 228 4
