3608 5604
274 115 334 178 sm
819 114 1201 210 4488884884

267 224 314 284 44
328 223 383 284 488
401 221 576 301 Landulpho
595 222 689 284 multa
705 229 862 284 mutuatus
874 223 986 303 ,Ughel-
1039 240 1078 284 ve
1094 222 1162 284 dein
1180 239 1218 284 ex
1235 223 1322 283 tertio
1337 221 1438 300 aliquo
1451 223 1631 298 accesserint,
1645 226 1702 288 baec

269 317 318 378 lus
343 316 469 376 inseruit
495 322 567 375 tom.
595 322 702 392 quarto
729 315 831 377 ltaliae
860 333 983 391 sacrae,
1038 334 1055 377 a
1082 333 1130 376 me
1155 333 1213 376 non
1243 316 1414 391 infeliciter,
1446 321 1478 376 ut
1501 321 1585 394 puto,
1606 316 1703 380 detecta

269 427 346 488 quae
360 409 397 470 de
412 407 652 488 Archiepisccpis
665 406 936 471 Mediolanensibus
951 411 985 470 il·
1039 417 1130 484 sunt,
1147 417 1178 470 84
1195 409 1323 470 indicata
1350 408 1378 466 in
1405 409 1601 470 dissertatione
1615 409 1647 469 dc
1661 411 1704 472 hoc

268 506 363 565 lorum
382 509 552 581 temporum
569 503 692 579 retulit,
710 509 744 563 ut
762 519 779 563 a
796 503 907 584 Gangio
921 503 984 582 jam
1040 511 1217 584 argumento
1232 503 1343 582 scripta
1353 507 1384 562 et
1395 503 1467 562 iorte
1478 517 1533 561 uon
1545 508 1605 580 post
1616 504 1708 566 mrrltos

269 602 415 658 notatum.
1039 597 1094 657 hos
1110 596 1175 658 di'es
1191 597 1274 675 typis
1289 594 1449 673 vulganda.
1463 595 1479 634 *

307 685 555 748 LhNDULPllUS
582 685 691 764 Sapore
714 683 793 746 idem
814 685 865 764 qui
887 686 983 760 etiam
1077 681 1326 752 LhMllULPllUS
1345 689 1430 750 simo
1448 686 1483 749 de
1505 686 1563 750 Vite
1589 687 1706 764 cursu,

267 778 433 840 landulfus
450 780 601 839 Romanus
623 777 658 838 dc
676 775 840 851 Columna,
858 778 984 838 (448884-
1037 784 1133 860 intra,
1154 782 1381 848 LUDOLPMUS.

267 891 323 935 cus
344 873 549 936 Carnutensis.
564 873 591 945 a]
607 873 701 949 liujus
724 868 911 932 breviarium
932 871 984 932 lli-
1076 875 1322 938 LAMDULPHUS
1348 871 1533 936 Tourimnsr's
1549 873 1707 953 Episcopus,

265 967 390 1030 44844848
409 969 542 1029 dicatum
562 967 669 1028 loanni
691 967 786 1027 xxii.
807 967 925 1045 Papae,
946 966 983 1026 ab
1036 967 1124 1048 cuius
1151 970 1285 1031 chartam
1305 984 1353 1030 an.
1375 967 1459 1029 4634.
1479 965 1575 1027 datam
1600 966 1711 1044 vulgarit

266 1063 345 1124 Orbe
362 1060 481 1122 condito
497 1060 534 1122 ad
553 1060 587 1120 Α.
605 1060 649 1120 C,
662 1059 750 1121 4320.
766 1058 875 1138 prodiit
891 1061 982 1120 Picta.
1037 1062 1177 1126 baluzius
1197 1069 1268 1122 tom.
1292 1063 1338 1124 lli.
1357 1061 1437 1121 Miso.
1457 1077 1520 1139 pag.
1541 1061 1605 1122 445.
1622 1058 1679 1120 tlt.

267 1158 316 1217 vis
346 1154 432 1216 4479.
464 1155 493 1214 8.
521 1171 579 1214 non
607 1154 761 1214 diversum
790 1153 916 1213 tortasse
946 1152 984 1212 ab
1079 1153 1324 1220 LANFMANCUS
1354 1154 1502 1232 Pepiensis
1531 1151 1710 1234 longobardus

267 1265 356 1329 opere
367 1248 405 1310 de
415 1256 585 1326 temporum
598 1247 774 1308 Pontificum
784 1247 984 1309 Romanorum
1038 1265 1076 1310 cx
1095 1250 1192 1310 Priore
1208 1249 1348 1310 Beecensi
1365 1249 1394 1306 in
1411 1247 1582 1308 Normannia
1596 1244 1658 1307 Ord.
1670 1247 1711 1305 lie-

268 1343 413 1417 historia,
441 1341 522 1420 quod
542 1343 648 1401 loanni
670 1341 764 1401 xxii.
786 1340 823 1402 ab
850 1357 885 1400 eo
906 1339 986 1400 dica·
1040 1341 1108 1404 ned.
1135 1349 1166 1404 84
1192 1341 1306 1404 hbbate
1327 1342 1358 1403 S.
1384 1339 1523 1420 Stephani
1547 1337 1711 1401 cadomensis

237 1497 240 1515 ,
267 1445 333 1499 tum
348 1436 451 1496 scribit
464 1435 514 1495 lib.
529 1435 578 1497 22.
595 1435 816 1496 Volaterranos.
831 1432 985 1496 Sedaliud
1040 1437 1069 1497 in
1098 1436 1190 1498 Gallia
1205 1483 1213 1512 ,
1230 1435 1358 1514 denique
1378 1434 1414 1495 ab
1434 1451 1480 1494 en.
1502 1431 1585 1493 4676.
1608 1448 1662 1508 seq.
1682 1429 1711 1491 ad

267 1532 413 1609 scriptum
440 1529 532 1588 breve
560 1525 596 1588 de
623 1524 790 1606 Pontificuli
816 1526 916 1610 Officio
947 1526 985 1589 ad
1040 1531 1127 1593 4489.
1139 1529 1282 1609 inllnglia
1294 1527 1536 1607 Archiepiscopus
1546 1521 1712 1588 0844884484-

268 1622 398 1683 cundem
412 1623 580 1696 ioannem,
599 1621 656 1682 MS.
674 1622 703 1680 in
718 1619 791 1680 tlibi.
807 1621 984 1682 Cclbertina.
1039 1623 1091 1686 sis.
1118 1627 1160 1685 lle
1187 1640 1222 1684 eo
1242 1621 1414 1700 liadulphus
1433 1619 1470 1680 de
1490 1621 1586 1680 iliceto
1606 1625 1667 1679 tom
1689 1618 1711 1676 2

269 1714 344 1776 Vide
364 1713 518 1776 Oudinum
541 1721 613 1773 tom.
636 1714 663 1772 3.
684 1730 750 1791 pag.
771 1712 841 1774 757.
857 1715 902 1774 Ex
919 1713 986 1774 bre
1039 1717 1162 1797 Angliae
1187 1733 1288 1778 sacrae
1308 1731 1373 1795 pag.
1395 1714 1461 1776 684.
1481 1711 1671 1774 llenschenius
1690 1713 1712 1768 in

269 1809 362 1868 viario
380 1808 429 1869 illo
446 1807 572 1884 repetita
589 1805 684 1884 elogia
700 1805 825 1885 Philippi
848 1805 984 1884 Pulchri,
1038 1810 1123 1892 Actis
1143 1811 1275 1872 Sanctor.
1297 1817 1367 1870 tom.
1388 1808 1436 1868 VI.
1454 1807 1518 1884 Meji
1538 1806 1583 1867 28.
1603 1804 1647 1866 ubi
1664 1805 1712 1862 riu

268 1903 448 1962 Francorum
465 1901 554 1978 Regis
569 1897 695 1978 ejusque
704 1898 830 1960 filiorum
844 1897 985 1960 Ludovioi
1038 1904 1192 1964 lantranci
1205 1904 1341 1981 scriptae
1355 1901 1493 1963 MlLONE
1505 1897 1714 1979 6444888448-

269 1995 371 2056 llutini
400 1998 432 2054 et
459 1992 584 2071 Philippi
606 1991 696 2070 Longi
719 1993 784 2052 sive
809 1995 925 2071 Magni,
953 1999 985 2053 et
1041 2007 1105 2058 tore
1123 1998 1263 2058 beccensi
1280 1995 1391 2075 8832.
1410 2001 1440 2055 84
1456 1995 1500 2056 ab.
1518 1990 1713 2066 Ehbuhitop

271 2088 367 2151 Caroli
400 2085 541 2156 4444444.
566 2084 645 2163 apud
675 2085 824 2147 labbeum
851 2093 923 2146 torn.
956 2087 983 2147 4.
1039 2092 1109 2152 848.
1123 2107 1160 2152 ex
1171 2089 1238 2168 ejus
1249 2090 1323 2150 libro
1333 2089 1574 2169 primollistoriae
1586 2098 1714 2145 sororum

268 2181 343 2244 Bibl·
361 2195 457 2240 novae
474 2179 554 2241 MSS·
572 2195 637 2256 pag·
657 2179 725 2239 959·
743 2179 811 2238 660·
827 2180 870 2240 444
886 2177 985 2239 444444-
1040 2187 1139 2247 Vitam
1165 2201 1184 2245 4
1205 2184 1310 2245 Milone
1331 2185 1471 2262 scriptam
1491 2180 1646 2242 4448484484
1662 2193 1716 2254 888

268 2274 319 2335 ria
335 2271 486 2347 Misceliu,
507 2289 598 2350 quarn
618 2278 650 2332 et
670 2273 767 2350 ipsam
788 2272 826 2333 eh
847 2289 894 2334 an.
913 2274 983 2335 725.
1037 2298 1095 2360 que
1113 2279 1253 2358 operibus
1275 2279 1429 2339 lantranci
1452 2275 1617 2355 praemisit,
1635 2277 1661 2331 et
1673 2271 1717 2331 lla·

270 2369 400 2429 44444444
426 2365 464 2426 44
485 2381 533 2426 44-
554 2365 622 2425 ⁸05·
644 2363 819 2444 4444444444
839 2366 909 2427 huic
933 2365 985 2426 44-
1037 2374 1176 2435 billonius
1194 2373 1260 2433 Sec.
1282 2373 1309 2431 6,
1330 2370 1508 2432 benedictin.
1529 2373 1611 2446 parte
1630 2367 1653 2424 2.
1667 2379 1715 2442 pag.

269 2462 395 2533 444444,
412 2466 504 2537 alque
523 2458 561 2518 (¹0
582 2457 648 2536 4443
668 2458 850 2520 &limitibus
870 2459 932 2520 4444
954 2463 984 2520 ln
1039 2465 1108 2527 837.
1121 2465 1270 2526 exhihuit.
1288 2461 1441 2524 videndus
1456 2463 1542 2522 etiam
1559 2461 1593 2520 ll.
1606 2456 1717 2518 4444444

269 2554 345 2616 Bihl.
375 2554 479 2614 Latina
507 2552 557 2613 111.
585 2553 613 2612 9.
635 2551 684 2613 ubi
713 2552 751 2612 de
776 2553 984 2628 EUTROPIO,
1040 2575 1099 2621 nus
1113 2560 1142 2618 in
1159 2557 1267 2636 Anglia
1283 2573 1366 2618 sacra
1379 2563 1449 2616 tom.
1467 2552 1646 2633 l.pcg.l08.
1660 2550 1717 2610 tine·

270 2647 359 2728 cujus
373 2647 520 2707 breviario
534 2653 564 2706 84
577 2647 688 2708 PAULI
700 2647 820 2707 Diaconi
835 2649 985 2723 auctario,
1039 2655 1101 2715 rius
1123 2654 1153 2712 in
1176 2651 1347 2731 Originibus
1367 2646 1596 2711 cadomensibns
1614 2640 1717 2721 84824.

270 2761 287 2804 4
314 2741 389 2803 libro
415 2740 492 2800 xvi.
514 2738 551 2800 44
574 2741 680 2801 xxiv.
704 2737 789 2818 jungi
816 2743 985 2817 consuevit,
1039 2754 1071 2808 st
1097 2749 1142 2807 ic.
1172 2743 1322 2820 Launojns
1341 2742 1379 2802 de
1400 2741 1507 2803 scholis
1532 2734 1714 2800 celebrioribus

270 2836 401 2898 Libellus
424 2832 460 2898 de
488 2831 683 2894 5844484848
702 2833 881 2913 impertisti
894 2833 988 2894 Grue-
1041 2855 1105 2918 cap.
1122 2839 1211 2900 XLll.
1229 2843 1300 2898 tom.
1320 2836 1349 2896 4.
1365 2836 1440 2914 088.
1459 2836 1500 2896 De
1517 2832 1569 2892 hoc
1582 2829 1718 2891 44844884

271 2945 339 3006 884,
359 2929 390 2987 48
407 2927 521 3005 sylloge
541 2927 672 2987 Simonis
692 2927 826 3006 Schardir
846 2927 884 2988 de
898 2927 989 3006 juris-
1044 2932 1237 2992 Willcramus
1254 2929 1345 3008 praet.
1363 2930 1392 2988 in
1412 2928 1531 2989 Cantica
1546 2923 1717 2984 canticorum

270 3022 399 3082 dictione
419 3025 450 3082 et
470 3022 648 3080 auctoritate
670 3021 839 3099 imperiali,
861 3038 890 3101 p.
917 3021 998 3083 284.
1044 3025 1137 3085 Linum
1165 3023 1198 3084 in
1218 3024 1349 3082 Francia
1369 3017 1514 3098 comperi,
1534 3015 1717 3078 Lentimnenn

269 3114 338 3178 297.
366 3114 415 3175 iol.
442 3113 533 3175 Besil.
556 3115 644 3174 4566.
666 3114 789 3193 448884.
814 3116 900 3176 4848.
919 3114 987 3205 xsul)
1041 3119 1174 3193 nomine,
1198 3122 1289 3178 88488
1309 3113 1441 3176 monime
1461 3109 1601 3179 unientem
1622 3107 1648 3167 in
1667 3102 1719 3164 llio·
1776 3143 1777 3148 κ

272 3209 346 3270 laiso
365 3207 553 3268 lthllULPlll
575 3206 612 3267 de
634 3208 779 3268 Columna
800 3211 939 3284 nomine,
956 3215 987 3268 84
1042 3211 1164 3287 4884488,
1180 3227 1257 3271 nunc
1273 3225 1304 3270 48
1319 3207 1360 3269 ed
1372 3203 1577 3267 Ecclesiastico
1589 3195 1719 3263 88848484

271 3303 301 3362 48
331 3308 401 3361 tom.
433 3299 567 3361 secundo
594 3300 728 3361 Goldasti
755 3300 792 3362 de
819 3301 987 3371 Monarchia
1040 3290 1718 3385 studio,atpneinEpistolisl’aulictpl’salterio,

271 3396 390 3472 imperii
401 3411 467 3473 pag.
482 3395 530 3455 88.
543 3395 572 3455 b.
589 3395 627 3454 95
641 3395 670 3455 4.
684 3395 760 3455 Aliis
774 3393 876 3456 itidem
892 3396 985 3472 laiso,
1039 3398 1201 3461 multorum
1217 3395 1377 3458 8888444448
1391 3390 1516 3472 ingemo.
1532 3387 1578 3449 48
1587 3401 1666 3467 quem
1677 3397 1718 3440 44·

274 3487 530 3549 PAMDULPMUS.
1039 3491 1177 3554 disndum
1195 3507 1262 3554 cum
1278 3486 1367 3550 multi
1380 3483 1554 3548 8844484844
1570 3480 1717 3558 (Germano

312 3579 329 3614 ¹*
345 3580 391 3640 hn
405 3583 559 3658 scripserit
574 3581 730 3642 historiam
749 3581 915 3644 miseellam
939 3583 984 3642 vi·
1039 3587 1126 3663 rum)
1143 3583 1310 3662 confluent,
1331 3597 1417 3660 spero
1433 3575 1510 3658 quod
1530 3577 1592 3656 ojus
1608 3561 1716 3668 8888444

275 3670 375 3732 derint
391 3672 478 3734 docti.
496 3672 566 3732 Mihi
583 3672 704 3750 quidem
722 3681 908 3752 compertum
926 3682 983 3750 cst,
1038 3679 1125 3741 stiam
1136 3669 1510 3754 innostrr'sprouincir'sod
1519 3666 1665 3730 multorum
1674 3664 1716 3720 44-

274 3763 450 3840 historiam,
467 3780 545 3842 quae
561 3765 691 3826 Miscelle
707 3765 836 3842 dicitur,
850 3767 922 3827 nihil
937 3784 984 3828 88
1039 3767 1324 3834 litatsmindustriac
1336 3783 1409 3828 suos
1424 3763 1553 3846 [4484844
1566 3755 1713 3842 prommlt-

273 3875 307 3920 se
319 3857 419 3934 aliud,
437 3875 527 3936 quarn
544 3859 679 3939 Eutropii
693 3863 879 3923 breviarium
895 3863 986 3922 inter·
1027 3849 1280 3930 'commentarius
1301 3861 1332 3920 in
1353 3857 1502 3932 psalmos,
1523 3854 1606 3932 cujus
1625 3847 1716 3912 Tritbe·

271 3953 420 4032 poletione
441 3952 522 4013 Pauli
544 3954 663 4014 Diaccni
681 3955 833 4033 eliquanto
858 3955 984 4034 amplifi·
1039 3962 1117 4022 mius
1133 3958 1223 4018 etiam
1241 3971 1305 4033 cap.
1317 3955 1383 4015 455.
1395 3953 1432 4013 48
1444 3953 1472 4014 S.
1486 3939 1716 4012 E.c'tll.tlt.illn·

271 4055 396 4122 catum3
428 4052 493 4107 turn
523 4045 647 4108 demum
679 4065 758 4109 nova
779 4051 836 4110 alia
857 4051 983 4111 alterius
1037 4055 1144 4114 strinm
1160 4048 1270 4112 Bened.
1285 4048 1354 4108 iacit
1369 4037 1714 4114 mentionsn,hodisnus

223 4195 232 4213 ,
271 4141 446 4219 scriptoris,
476 4141 551 4200 48448
582 4140 748 4222 landulphi
772 4143 912 4221 sagacis,
939 4146 984 4204 in·
1036 4165 1127 4227 quarn
1145 4151 1255 4206 exstat.
1272 4141 1331 4203 Sed
1350 4137 1381 4200 io
1395 4134 1540 4218 Epistulas
1554 4128 1713 4226 Poulidcnt·

272 4236 401 4296 tersione
432 4233 647 4312 amplificatum
678 4251 749 4297 eum
779 4235 929 4298 additione
950 4237 984 4298 li·
1038 4241 1204 4302 mentarius
1224 4253 1294 4298 curn
1315 4235 1413 4317 glossa
1433 4227 1606 4291 interlineari
1631 4216 1712 4283 sniis

272 4327 394 4390 brorum
426 4325 615 4406 quorundam
639 4328 721 4390 Pauli
743 4331 862 4391 Diaccni
884 4337 916 4391 et
935 4346 984 4392 ac·
1036 4332 1271 4396 amducitinter
1284 4326 1533 4403 Lanlraneiopera
1543 4315 1710 4412 8444444844

271 4423 408 4483 88444888
424 4421 462 4483 ad
479 4419 534 4480 hos
551 4421 665 4481 libellos
682 4422 805 4484 alterius
826 4423 982 4486 cuiusdam
1036 4427 1180 4490 Dacheric
1196 4424 1288 4484 Paris.
1309 4419 1395 4483 4648.
1417 4417 1464 4478 484.
1483 4423 1513 4476 84
1528 4427 1625 4474 recusa
1639 4411 1663 4466 in
1676 4405 1711 4463 li·

273 4517 427 4592 scriptoris
459 4515 534 4576 iorte
561 4513 727 4594 Landulphi
749 4516 879 4595 Sagacis.
900 4519 983 4591 Quae
1037 4519 1331 4594 bliothecal'atrum
1352 4510 1443 4590 bugd.
1465 4517 1532 4570 tom.
1553 4503 1638 4568 xviii
1660 4511 1709 4599 444·

271 4607 883 4689 additamentaPauloDiaconodebeantur,
893 4629 985 4690 quae-
1038 4615 1105 4676 624.
1124 4612 1308 4674 Laniranens
1324 4605 1434 4686 passim
1451 4603 1520 4663 citat
1533 4617 1568 4661 84
1581 4595 1709 4690 Ambrosii

1038 4724 1114 4787 quae
1142 4707 1171 4766 in
1194 4703 1341 4766 Ambrosii
1363 4698 1500 4776 scriptis.
1527 4692 1617 4772 qualia
1641 4681 1709 4746 4844

312 4816 338 4880 4)
355 4821 415 4872 rios
431 4823 559 4874 8844888
577 4831 638 4876 rom.
653 4825 669 4874 4
686 4837 743 4890 pag.
761 4823 817 4874 784.
1037 4808 1178 4877 exstent,
1193 4817 1251 4860 non
1266 4795 1387 4877 reperiri
1402 4789 1559 4856 Bucherius
1571 4776 1708 4850 48484444
