3368 5536
646 122 935 187 llllNlllCUS
1496 133 1556 196 240

59 231 180 305 Parisiis,
195 230 339 306 juvenem
364 229 433 292 licet
453 232 480 290 iu
499 229 652 291 audientia
671 230 770 288 omnis
827 232 901 292 ercli.
919 232 1004 307 Quod
1038 233 1146 291 44444444
1178 232 1208 289 iu
1240 230 1292 290 boc
1314 248 1402 292 sarno
1426 237 1557 299 Concilio

59 325 141 397 Cleri,
163 323 325 384 facundum
353 331 385 384 ct
410 326 575 404 gratiosum
595 340 648 402 per
670 324 771 384 omnia
825 324 992 386 basileensi
1004 332 1049 385 est
1064 325 1245 397 innovatum,
1267 323 1424 388 laudatum
1442 335 1470 388 et
1487 347 1556 391 cou-
1659 368 1667 377 --

60 417 442 480 Praedicatorcmclaruisse.
454 419 487 478 ln
499 416 681 479 Bibliotheda
696 419 771 477 Pau·
822 418 995 497 firmatum,
1017 418 1058 479 ad
1073 420 1250 497 sanquinem
1266 416 1306 480 ab
1324 419 1463 484 omnibus
1487 425 1556 487 cn-

61 513 109 573 llna
123 512 267 588 lipsiensi
283 510 350 572 Vita
366 513 433 589 ejus
451 519 593 572 servatur
610 512 709 585 llSta,
727 511 771 568 vi·
825 511 897 573 ri‘sli
908 510 1047 589 fidelibus
1065 511 1288 592 defendendum.
1307 558 1314 573 .
1334 560 1340 573 .
1360 559 1368 573 .
1388 515 1558 579 Concilium

62 605 90 666 dc
103 608 132 666 0.
145 605 250 667 Pallori
267 606 446 684 catalogum
464 623 491 683 p.
516 605 584 666 359.
823 604 964 684 generale
984 624 1041 665 aon
1059 624 1148 684 posse
1169 607 1310 668 reuocari
1334 608 1399 668 sine
1420 613 1556 671 auctori-

92 699 273 761 HENlllCUS
289 702 385 761 Teuta
402 701 524 771 tertius,
541 698 636 777 patria
653 700 770 760 llartis-
828 704 889 758 tute
909 703 939 758 el
957 698 1108 759 4444444444
1131 699 1258 760 Concilii
1268 745 1275 772 ,
1292 717 1350 779 per
1370 699 1467 761 solum
1496 705 1556 764 Pc-

63 794 202 870 burgeosis
228 792 332 853 itidem
352 792 413 853 Ord
441 791 545 853 Praed.
562 794 613 870 qui
631 793 771 854 Palaesti-
820 810 914 872 pam:
937 791 1088 852 decretum
1109 797 1154 852 est
1173 785 1357 854 uniaersolis
1378 793 1557 869 Ecclesiae,

64 902 117 947 nam
129 885 198 946 adiit
215 893 247 946 et
264 903 303 947 ex
320 904 357 946 oa
373 903 517 947 reversus
536 885 570 946 A.
593 884 682 948 4227.
700 903 771 948 con·
826 887 857 947 in
889 884 1019 949 Concilio
1051 885 1272 947 Cormlantieust
1299 904 1356 966 per
1388 887 1558 950 Martiarum

63 980 136 1039 cessit
150 980 281 1041 Parisios
307 986 399 1056 atquo
432 977 501 1039 iudo
523 978 698 1052 Coloniam,
721 979 769 1039 ubi
826 981 941 1059 Papam
958 977 1185 1057 confirmatum:
1200 977 1253 1038 sed
1269 978 1299 1038 si
1315 979 1358 1039 sic
1374 977 1479 1039 liceret
1498 980 1564 1042 dici

65 1073 159 1150 prinus
175 1071 354 1149 Theologiae
373 1074 527 1132 Lectorom
544 1074 660 1150 gessit,
679 1079 770 1149 atquc
829 1072 1063 1152 confirmatum,
1084 1089 1152 1133 cum
1169 1071 1266 1150 magis
1283 1072 1410 1152 proprie
1425 1073 1469 1133 sic
1485 1073 1559 1134 dici-

66 1163 118 1223 inde
131 1167 236 1226 ilerum
255 1166 334 1226 iacto
353 1167 381 1224 in
407 1166 606 1226 Palaestinam
623 1181 708 1225 sacro
725 1166 772 1223 iti·
827 1171 879 1226 tur
900 1163 1099 1245 approbatum
1120 1182 1212 1245 qrmm
1232 1165 1453 1244 confirmatum.

68 1275 140 1333 nere,
154 1259 283 1318 Parisios
308 1258 476 1320 secundum
496 1257 583 1321 rediit
604 1258 660 1319 An.
683 1259 771 1320 4233.
869 1257 885 1294 ³*
902 1260 934 1318 ln
953 1260 1003 1320 llS
1020 1258 1091 1321 Cod.
1108 1259 1156 1320 05.
1171 1261 1234 1318 lur.
1249 1260 1322 1320 Can.
1339 1259 1413 1319 Bibl.
1431 1261 1553 1322 Caesar.
1674 1266 1676 1271 ’

67 1350 231 1429 atqueapud
258 1352 371 1431 llegcm
389 1351 578 1413 Ludovicum
595 1352 647 1412 lx.
665 1353 773 1428 gratio
828 1352 1068 1414 vindobonensis
1100 1368 1181 1413 unus
1203 1352 1312 1429 aliquis
1333 1358 1417 1413 extat
1446 1370 1553 1415 monu-

69 1445 215 1506 susellecit
232 1451 267 1507 ut
285 1462 323 1506 ex
340 1446 497 1507 voluntate
512 1446 644 1523 Gregorii
663 1447 716 1507 lX.
736 1444 770 1507 Α.
830 1452 931 1506 menta
952 1444 1100 1523 quaedam
1130 1446 1291 1505 continens
1316 1445 1352 1506 ad
1382 1446 1555 1517 Basileensa

70 1540 138 1599 4240.
151 1546 352 1601 exurerentur
368 1540 512 1600 collectae
539 1538 619 1618 apud
640 1540 774 1600 Domini·
831 1540 921 1601 Cone,
956 1540 1157 1618 pertinentia,
1176 1539 1215 1598 ibi
1245 1540 1322 1599 intcr
1350 1547 1467 1599 coetera
1487 1541 1559 1619 legi-

68 1638 185 1692 canoset
211 1633 428 1693 Franciscanos
455 1633 599 1694 librorum
622 1632 774 1695 Talmudi-
829 1641 879 1694 tur
901 1635 1019 1695 llenrici
1050 1634 1141 1695 huius
1165 1633 1330 1711 disputatio
1348 1634 1391 1694 Dc
1412 1650 1559 1713 suprema

69 1740 152 1784 corum
169 1723 363 1802 quadrigatas
385 1742 441 1787 seu
462 1726 557 1787 vehes
576 1743 612 1787 ac
638 1726 773 1805 plaustra
830 1725 957 1788 Caecilii
977 1726 1008 1786 iu
1024 1743 1139 1800 omncs,
1153 1744 1189 1785 ue
1204 1732 1328 1806 eccepto
1349 1726 1468 1806 quidem
1485 1729 1560 1787 Pon-

70 1817 368 1879 XX.Vidclaoobum
386 1818 505 1892 Quelil,
522 1819 628 1879 tomi
652 1837 680 1897 p.
704 1821 771 1881 448.
829 1819 925 1898 tipice,
954 1818 1147 1880 cutborilole.
1181 1821 1288 1896 Incipit
1320 1819 1487 1895 Quaeritur
1519 1838 1561 1880 444

70 1906 108 1966 nbi
121 1909 153 1970 do
168 1908 261 1988 hujus
277 1912 396 1972 lienricl
414 1912 610 1974 Sermonibus
625 1914 728 1973 sacris.
828 1912 918 1973 elium
940 1921 997 1973 etc.
1018 1915 1214 1990 consignatur
1237 1914 1265 1971 in
1289 1912 1347 1972 sine
1368 1913 1425 1973 dn.
1449 1913 1537 1974 4433.

100 1999 282 2065 HElililCUS
317 2002 478 2066 Tbaborita
510 2008 576 2066 sive
608 2006 773 2068 Monachus
868 2004 1554 2068 lllllllllCUSCanooicusTornaceasiscirca

69 2090 186 2157 Coeoobii
205 2097 385 2158 Thaboritici
402 2100 592 2177 Regularlum
610 2101 774 2161 canonico·
828 2101 953 2162 lirnium
970 2102 1059 2176 llll.
1081 2099 1154 2160 Vide
1171 2117 1249 2176 quac
1270 2116 1362 2177 snpra
1385 2102 1414 2159 in
1439 2100 1558 2161 ELEll-

70 2203 125 2249 rum
138 2207 224 2270 propo
238 2193 368 2253 Snecam
386 2194 416 2254 in
434 2194 550 2268 Frisia,
572 2196 699 2272 scriptor
726 2196 775 2254 lli·
829 2194 974 2255 TllElllO
994 2193 1196 2259 Tornacensi.
1216 2199 1289 2253 lom.
1306 2193 1334 2253 2.
1354 2209 1419 2270 pag.
1442 2192 1511 2255 272.
1529 2199 1561 2254 44

70 2284 160 2344 sturiae
178 2287 290 2345 mixtae
307 2287 373 2345 sive
389 2285 621 2347 Ecclesiasticus
632 2303 667 2348 ac
678 2288 777 2347 Politi-
829 2306 907 2367 quan
927 2288 1065 2349 Ondinus
1083 2294 1155 2347 tom.
1170 2288 1198 2348 2.
1216 2304 1280 2365 pag.
1302 2285 1391 2347 4224.

68 2387 111 2432 cae
124 2393 140 2435 a
155 2385 224 2439 nato
241 2380 368 2440 Cllristo
386 2396 484 2457 usquo
511 2378 548 2440 ad
570 2382 681 2441 saeculi
699 2381 779 2441 deci·
878 2382 1072 2443 HENlllCUS
1088 2380 1325 2442 Archidiaconus
1345 2380 1562 2457 Toruaceruis,

70 2466 102 2523 mi
117 2474 185 2530 serti
205 2473 299 2532 initia.
322 2474 441 2551 (usquc
471 2473 507 2534 ad
536 2472 661 2536 Annum
690 2477 779 2536 liilll.
838 2494 947 2555 supra,
966 2478 994 2535 in
1012 2475 1142 2536 ilenrico
1159 2473 1358 2535 Gandacensi.

26 2642 31 2649 Ι
71 2555 187 2624 Valerius
201 2563 381 2627 Andreasin
399 2573 527 2644 utraque
538 2567 680 2627 editione.
691 2571 783 2629 Fran·
880 2570 1069 2631 llENlllCllS
1098 2586 1136 2629 ex
1171 2568 1355 2630 Scltolastico
1390 2567 1564 2630 lbeoireusi

68 2650 150 2716 tisous
166 2659 334 2720 Sweertius
351 2665 383 2719 ct
400 2677 442 2720 en
460 2677 495 2719 eo
514 2661 641 2720 Vossius
662 2660 699 2720 ad
720 2659 782 2720 rin-
835 2665 1003 2741 Episcopus
1018 2660 1208 2723 Vercelleusrs
1219 2661 1277 2722 rln.
1292 2663 1382 2724 4083.
1398 2663 1562 2722 Tritlremio

69 2757 128 2808 num
147 2754 232 2813 4508.
256 2770 326 2813 nam
347 2753 427 2831 apud
451 2742 663 2815 ¹Possevinum
695 2761 782 2831 typo-
836 2774 900 2835 cap.
918 2758 986 2817 3ll.
1009 2755 1331 2832 ll⁷euericua,Ugltcllo
1356 2755 1562 2825 Weuuericus,

43 2836 45 2840 '
72 2851 126 2902 rum
143 2847 213 2905 vitio
231 2846 340 2925 legitur
363 2848 470 2921 4580.)
489 2849 584 2908 Usum
603 2865 638 2908 ea
660 2863 693 2906 se
715 2864 781 2924 pro·
835 2853 902 2913 aliis
917 2849 1085 2910 Guenricus
1103 2849 1257 2925 Sigeberto
1272 2848 1561 2925 llemblaeensicap,

72 2928 157 2998 litetur
169 2939 321 3001 suffridus
338 2943 417 3000 Petri
433 2939 470 3002 ad
489 2940 623 3001 Annales
634 2956 706 3001 suos
720 2941 781 2999 Pri·
838 2946 911 3007 460.
944 2943 1113 3014 llcuricus,
1143 2941 1269 3018 scripsit
1299 2942 1397 3014 [circa
1412 3002 1416 3007 ,
1434 2941 1559 3000 Annum

71 3025 135 3091 Sicos
153 3034 388 3096 concinnandos.
837 3038 935 3112 4082.)
954 3033 1067 3096 librum
1090 3031 1147 3094 sub
1171 3049 1317 3112 persono
1353 3032 1560 3093 TEOllOlllCl

102 3126 284 3191 llllNlllCUS
307 3125 400 3203 Tolre,
418 3129 588 3190 Canonlcus
605 3126 781 3206 lllagdebnr-
837 3133 875 3193 ab
898 3131 986 3191 Anno
1014 3128 1091 3188 4040
1108 3127 1144 3186 ad
1164 3127 1251 3186 4000.
1275 3125 1473 3186 virdunensis
1491 3126 1559 3203 Epi-

71 3223 167 3295 gensis,
184 3229 217 3282 et
233 3219 456 3301 Archiepiscopi
466 3220 505 3282 ad
516 3221 688 3282 Basiloense
704 3222 782 3282 Gon-
837 3226 927 3301 scopi.
940 3221 981 3281 ad
991 3217 1231 3282 lindebrandum
1242 3218 1495 3296 sireGregorium
1508 3218 1565 3280 Vll

69 3308 153 3374 silium
165 3322 234 3394 post
245 3315 678 3392 Annumllbl.Legatus,Ex
692 3313 780 3391 cujus
837 3320 951 3396 Papam
974 3315 1012 3374 de
1030 3312 1176 3373 discordia
1198 3313 1290 3389 Regni
1315 3319 1347 3370 ct
1375 3311 1562 3384 Sacerdoti,

68 3414 142 3480 opere
163 3407 243 3469 baud
265 3411 374 3487 exiguo
394 3406 430 3467 44
447 3406 640 3485 quaestione,
661 3424 702 3467 au
722 3406 781 3466 lic·
836 3427 895 3470 non
911 3426 978 3469 eum
995 3407 1170 3484 increpans,
1188 3403 1242 3465 secl
1257 3410 1292 3464 ut
1310 3404 1456 3464 seniorem
1481 3401 1564 3465 obse

68 3494 146 3563 cusu
177 3500 354 3578 Cutbolico,
377 3500 531 3572 militaus,
553 3504 660 3560 saucia
680 3506 709 3561 ct
728 3498 783 3559 im·
837 3520 930 3564 orcus
952 3508 988 3562 ut
1003 3503 1135 3572 Patrem,
1154 3503 1181 3558 44
1203 3495 1364 3559 amicabili
1393 3496 1562 3559 inductione

66 3593 219 3671 maculata,
232 3595 275 3656 sit
287 3613 329 3657 44
346 3593 482 3656 omuibus
497 3593 636 3674 fidelibus
654 3611 707 3655 uec
724 3612 783 3654 non
838 3596 930 3677 quusi
951 3594 1061 3671 affectu
1078 3589 1220 3665 44444443,
1238 3608 1402 3670 3449944444
1419 3591 1449 3651 44
1462 3593 1563 3652 onorio

64 3685 140 3749 malis
155 3694 354 3768 congregata,
372 3687 498 3767 siitgulis
515 3685 696 3749 mortalibus
709 3704 783 3766 per·
839 3708 917 3770 quae
928 3694 1034 3751 contra
1041 3686 1095 3764 jus
1113 3683 1210 3764 legum
1222 3684 1308 3765 elsas
1322 3683 1483 3763 Religionis
1494 3703 1563 3746 eum

63 3781 160 3857 sonis,
173 3781 266 3843 eliam
287 3780 415 3860 Populi,
432 3779 604 3862 praelata?
628 3781 703 3843 hacc
727 3783 786 3859 pri-
839 3783 946 3864 secisse
960 3772 990 3843 e'l
1003 3780 1121 3842 elicisse
1135 3778 1313 3858 divulgabat
1339 3778 1561 3859 loquanfoma.

64 3869 123 3936 dem
137 3877 240 3938 attulit
250 3877 438 3937 clarissimus
450 3875 641 3936 Hermannus
656 3877 694 3937 ab
710 3877 783 3936 Hur·
841 3879 919 3938 llaec
936 3875 1119 3953 sigebertus
1132 3874 1298 3951 Epistolam
1313 3874 1393 3933 illam
1410 3889 1468 3930 noo
1487 3872 1563 3932 indi·

61 3960 91 4025 dt
104 3970 193 4047 prael.
216 3968 255 4030 ad
277 3977 392 4029 tomum
418 3976 542 4029 sextum
556 3968 681 4029 Concilii
704 3968 783 4028 Cou—
839 3986 929 4048 gnam
947 3968 1030 4029 lectu
1045 3966 1138 4027 edidit
1155 3965 1338 4026 Edmundus
1350 3967 1482 4025 llartone
1500 3972 1521 4023 4.
1535 3968 1562 4025 l.

63 4064 228 4124 mutiensis
256 4080 321 4141 pag.
344 4063 392 4123 20.
416 4060 496 4137 Quid
515 4079 633 4123 uecesse
661 4068 706 4122 est
723 4079 781 4140 pro
838 4060 1052 4122 anecdotorum
1068 4052 1133 4137 pag.
1151 4059 1220 4119 244.
1238 4058 1297 4117 230
1315 4064 1346 4115 44
1364 4058 1507 4132 scriptam
1524 4057 1563 4117 ab

63 4148 110 4213 islo
124 4155 277 4217 adducere
292 4154 418 4231 multos,
436 4173 505 4216 cum
522 4154 613 4216 semel
629 4155 668 4218 sil
684 4155 782 4216 deter—
837 4155 962 4216 llcnrlco
973 4150 1071 4211 adhuc
1088 4150 1273 4211 scholastico
1288 4155 1370 4226 patet
1382 4165 1419 4208 ex
1431 4148 1564 4209 subscri-

63 4246 197 4311 tninalum
217 4249 396 4310 auctoritate
417 4248 601 4311 uniuersalis
624 4248 779 4311 Ecclesiae
834 4249 945 4327 pliona.
963 4245 1098 4323 Epistola
1111 4250 1212 4303 autom
1232 4259 1309 4320 quae
1326 4241 1435 4303 ibidem
1453 4259 1482 4319 p.
1500 4243 1562 4305 230

63 4336 88 4399 in
104 4360 191 4406 sacro
219 4343 350 4406 Concilio
372 4342 613 4416 constantiensi,
636 4349 704 4402 crite
726 4360 781 4402 cu·
836 4339 998 4417 subjuncta
1016 4345 1064 4398 ost
1079 4335 1281 4400 CUIUSDAM
1291 4334 1440 4396 aduersus
1456 4335 1559 4397 Lar'co·

58 4431 102 4506 jur
120 4444 256 4516 temporo
276 4436 359 4519 apud
378 4438 538 4516 blapislros
567 4435 658 4514 444443
684 4436 780 4497 seculi
833 4453 903 4495 rum
921 4434 952 4495 in
966 4429 1162 4512 Presbyteros
1178 4430 1352 4509 conjugatos
1364 4426 1559 4506 calumniam,

65 4529 402 4604 anastomotica
419 4528 487 4590 inde
504 4528 699 4607 disputatum.
719 4528 779 4590 Sed
833 4524 1075 4590 SlGEBERTUM
1113 4524 1363 4585 Gcmblacensem
1405 4530 1561 4585 auctorem

65 4619 175 4685 Domino
192 4624 272 4683 44440
284 4622 521 4685 misericorditer
532 4618 699 4692 ordinante,
718 4637 778 4680 om·
833 4623 937 4696 habet,
965 4627 998 4683 ut
1020 4626 1138 4681 constal
1164 4637 1202 4679 ex
1227 4617 1294 4695 cius
1315 4614 1452 4697 catalogo
1468 4618 1498 4678 S.
1526 4621 1559 4679 li.

65 4714 142 4781 aibru
166 4719 267 4779 minus
287 4722 368 4779 recle
399 4715 584 4798 sapientibus
607 4715 777 4793 impositam
834 4733 859 4777 4.
874 4716 929 4778 ult.

67 4818 104 4871 444
120 4812 269 4877 silentium
282 4830 340 4892 per
360 4812 511 4873 rlccrclum
540 4806 666 4873 Coucilii
686 4808 778 4870 nomi-
875 4809 1064 4873 llElilllCllS
1089 4803 1361 4872 Veacutoduueusis
1382 4806 1489 4865 loanni
1510 4808 1561 4866 Lo·
