3562 5582
232 95 293 156 em
827 53 1123 155 nnnnrco‘s

231 199 321 282 keley,
346 197 535 262 Hortatorem
562 197 697 280 hoglus,
715 215 817 261 sacras
838 200 955 263 litteras
1010 197 1102 260 derue
1123 203 1206 276 parte
1233 200 1262 263 2.
1283 199 1417 264 biblioth.
1444 204 1521 282 belg.
1546 207 1617 270 tiss.
1634 229 1688 292 pag.

229 296 356 356 edoctus
382 295 510 370 033344,
537 287 697 372 clarusque
725 295 804 355 circa
829 293 952 356 Annum
1010 291 1268 354 latitaturum
1283 291 1320 356 de
1334 294 1473 374 effusione
1490 297 1605 378 Gordia,
1619 304 1691 367 833-

230 389 326 451 4345·
344 390 471 469 Scripsit
502 403 594 469 super
626 383 806 468 Magistrum
833 389 956 450 833433-
1009 387 1105 448 ertioa
1118 405 1145 466 p.
1159 387 1226 448 334.
1240 389 1550 458 Tractatumdemodo
1564 393 1691 475 summae

230 483 363 559 tiorum,
384 487 414 544 et
431 482 467 543 de
491 479 842 544 liomsubstoutiotioae.
860 483 953 562 incip.
1008 478 1159 542 recitandi
1172 481 1350 560 horarium,
1367 483 1549 564 Waddicgns
1564 505 1621 570 pag.
1638 493 1692 553 444.

231 579 338 638 Utrum
369 577 405 637 de
434 575 612 638 necessitate
641 574 764 636 Salutis.
797 578 953 638 Praeterea
1009 573 1124 636 Laudat
1144 574 1225 640 hunc]
1250 579 1410 640 Henricum
1431 580 1603 644 Tritbemiue
1620 583 1652 646 de
1668 587 1694 648 S.

230 669 424 749 0333343333
441 668 625 752 7433433433,
640 669 909 731 Detomsiuotiouer
925 675 956 732 et
1008 668 1043 729 Ε.
1052 684 1078 729 3.
1087 669 1121 730 84
1129 667 1156 732 7.
1166 675 1199 730 et
1209 670 1248 731 de
1259 672 1451 752 scriptoribus
1462 673 1595 737 Gemino.
1606 693 1629 738 3.
1639 679 1695 740 495.

229 761 414 842 0334444343.
430 763 505 826 Vide
522 763 646 828 Baleum
663 764 711 824 Vl.
729 764 779 825 94.
795 779 887 842 quern
903 780 954 825 se·
1015 751 1032 811 4
1048 762 1237 827 nunnitus
1258 763 1296 826 de
1318 766 1446 842 amru,
1473 770 1586 845 senior,
1607 786 1698 850 cogno

229 866 366 937 quantur
386 859 505 920 Pitseus
526 875 555 938 p.
578 857 646 918 552.
669 856 853 918 Possevinos
874 861 907 918 34
925 873 953 918 3.
1009 861 1111 916 mento
1130 855 1167 920 de
1186 858 1401 936 4333334343,
1422 864 1559 940 Magister
1577 865 1604 923 in
1621 863 1699 926 Theo

262 953 456 1016 uunaldus
477 947 666 1027 Hordelrese,
683 948 772 1028 cujus
792 949 954 1012 Rhetorice
1008 947 1085 1027 logia
1104 957 1136 1011 et
1156 951 1441 1018 Vico-Cancellarins
1462 958 1699 1034 4334333434-

227 1050 287 1112 MS.
309 1050 340 1109 in
366 1048 490 1124 Paulina
515 1045 673 1125 Lipsiensi.
695 1043 770 1105 Vide
791 1047 823 1106 Β.
846 1044 953 1106 Felleri
1010 1042 1115 1103 cerdcs
1136 1043 1205 1106 inda
1225 1052 1256 1108 34
1276 1047 1442 1110 Coucnicus
1473 1049 1699 1124 wormaciensis,

233 1143 422 1222 Gatalcgum.
444 1157 474 1220 p.
496 1139 565 1201 365.
777 1225 778 1228 ¹
1011 1135 1140 1215 denique
1168 1139 1205 1199 ab
1227 1140 1370 1218 alberto,
1390 1145 1471 1204 Duce
1494 1143 1643 1220 lustriae,
1659 1159 1701 1203 ro

270 1233 460 1298 HENRICUS
476 1230 631 1314 Horphius
649 1235 727 1309 (non
746 1238 780 1293 nt
797 1230 914 1292 tabheo
931 1237 954 1290 t
1011 1236 1098 1290 catus
1111 1230 1302 1310 Theologiam
1322 1234 1424 1296 docuit
1439 1237 1567 1298 Viennae
1582 1236 1700 1298 43343433
1753 1219 1755 1280 f

231 1335 259 1392 4.
274 1349 341 1410 pag.
359 1327 623 1390 submonentem
643 1327 766 1386 venisse
781 1325 888 1399 video,
906 1322 965 1386 Gi.
1010 1323 1048 1383 ab
1068 1321 1157 1386 Anno
1178 1326 1266 1388 4384.
1289 1345 1386 1407 usque
1406 1328 1444 1392 ad
1460 1329 1547 1392 4597.
1563 1347 1619 1408 333
1637 1328 1700 1390 dien

170 1477 173 1490 .
231 1421 412 1484 thnroedum
434 1427 558 1481 notante
585 1420 726 1496 nomine,
748 1417 801 1479 sed
828 1419 956 1496 patriam
1011 1416 1085 1477 obiit
1112 1434 1308 1497 supremum:
1329 1423 1536 1486 carthusianis
1554 1423 1601 1484 vel
1618 1424 1702 1500 hugo·

228 1517 265 1578 ds
291 1517 393 1595 Her-p,
415 1512 538 1593 Herpb,
558 1513 641 1594 Erp,
664 1529 718 1572 sen
745 1511 859 1591 444333,
879 1525 956 1590 pago
1010 1511 1149 1572 stinianis
1169 1521 1288 1592 praeter
1303 1531 1366 1591 rem
1388 1520 1494 1578 aviris
1515 1517 1703 1578 doctisaccen-

228 1610 410 1689 Campaniae
431 1607 645 1679 Brabanticael
663 1605 735 1668 Ord.
753 1607 857 1667 Minor.
878 1607 957 1666 Con-
1010 1607 1097 1667 situs.
1113 1607 1186 1668 Vide
1205 1610 1402 1672 Trithemlum
1419 1627 1484 1691 cap.
1502 1610 1569 1672 484.
1582 1609 1618 1671 43
1635 1611 1662 1672 S.
1674 1610 1702 1670 E.

228 1710 343 1765 ventus
353 1702 575 1765 mechliniensis
585 1699 778 1762 Gnardiaoos
790 1699 870 1760 diem
883 1698 956 1759 obiit
1011 1704 1043 1758 et
1071 1691 1110 1760 de
1136 1703 1331 1781 scriptoribus
1357 1705 1540 1771 Germanicis
1566 1720 1626 1781 333.
1650 1703 1703 1764 438.

228 1797 286 1860 An.
309 1792 398 1858 4477.
416 1801 450 1857 34
471 1794 659 1869 Sweertius,
677 1795 742 1854 sive
764 1798 799 1855 ut
820 1787 956 1854 Valerius
1011 1793 1157 1856 Eulaeum
1185 1795 1254 1858 hist.
1275 1795 1415 1860 Academ.
1437 1801 1528 1860 Paris.
1549 1805 1571 1860 t
1591 1797 1634 1864 lV.
1652 1811 1705 1874 pag.

229 1889 387 1967 Andreas,
411 1887 499 1949 4478.
516 1889 600 1949 inter
620 1889 784 1968 scriptores
798 1885 955 1949 asceticos
1011 1887 1080 1947 964.
1102 1901 1165 1966 aeq.
1188 1905 1226 1966 33Ι
1243 1891 1399 1970 praecipue
1427 1891 1567 1954 bernardi
1588 1893 1638 1951 Per
1655 1888 1704 1948 dis-

230 1989 262 2043 34
297 1984 442 2061 Mysticos
478 1997 539 2041 non
570 1979 816 2042 contemnendus
848 1979 953 2058 visus,
1010 1981 1337 2063 sectationem-isagog.
1356 1983 1394 2045 ad
1415 1991 1529 2046 tomum
1551 1985 1578 2046 2.
1594 1981 1707 2046 Aoecdo-

232 2078 352 2156 scripsit
372 2075 416 2137 De
437 2063 593 2154 ‘Theobpiu
613 2074 741 2154 Mystico
761 2081 827 2135 turn
850 2089 956 2153 specu·
1009 2079 1110 2133 torum
1131 2090 1196 2153 pag.
1214 2073 1262 2139 74.
1280 2082 1311 2138 34
1331 2077 1481 2138 oudinum
1503 2085 1592 2139 tomos
1609 2079 1633 2138 3.
1652 2091 1705 2154 pag.

207 2167 215 2181 “
231 2171 326 2232 434433
344 2176 411 2233 tum
429 2167 567 2230 allectiva
584 2166 679 2230 libros
702 2173 781 2229 tres:
804 2165 957 2248 443444343-
1012 2166 1100 2228 4252.
1116 2171 1397 2246 condomanam
1413 2171 1451 2232 ab
1465 2171 1557 2233 Hardt
1573 2171 1703 2250 prolegom

231 2263 325 2324 mium
345 2265 377 2324 in
399 2265 522 2325 Cantica
554 2260 758 2323 canticorum.
778 2263 806 2323 2.
828 2261 960 2322 Derecto·
1014 2257 1051 2320 34
1070 2266 1141 2322 tom.
1159 2263 1186 2324 2.
1204 2263 1327 2325 concilii
1344 2265 1582 2328 constantiensis
1598 2281 1656 2344 pag.
1670 2262 1706 2324 44.

229 2358 312 2420 rium
334 2357 413 2437 quod
442 2357 560 2436 Belgica
586 2357 733 2434 scriptum
754 2354 793 2416 ab
813 2361 956 2431 auctore,
1012 2365 1075 2432 seq.
1093 2355 1127 2414 4).
1141 2357 1251 2418 44433434
1272 2357 1445 2436 Hieronymi
1461 2358 1609 2438 Gndlrngii
1629 2357 1708 2418 444343

228 2453 334 2514 Latine
355 2451 448 2512 vertit
466 2449 847 2512 Petrusalllomennena:
866 2455 957 2528 34333
1013 2448 1087 2508 riam
1120 2449 1321 2528 Eruditioois,
1355 2460 1423 2530 post
1455 2453 1584 2516 auctoris
1612 2450 1707 2510 obitum

230 2547 258 2607 3.
270 2544 431 2607 Edensiva
445 2541 630 2604 Paradisum
642 2539 956 2622 contemplativorum.
1013 2542 1167 2620 vulgatam
1184 2545 1360 2607 Germanice
1380 2552 1453 2608 tom.
1470 2547 1498 2608 2.
1516 2565 1546 2625 p.
1564 2545 1645 2607 4889.
1658 2557 1707 2616 seq.

228 2639 340 2702 Prodiit
367 2639 473 2702 Goion.
497 2635 585 2698 4529.
607 2633 714 2696 434343
743 2637 883 2696 Brunone
903 2637 958 2696 Lo·
1012 2635 1207 2714 Epitaphium
1232 2639 1260 2698 ei
1287 2641 1457 2718 positurus
1484 2639 1616 2700 familiari
1637 2637 1707 2696 rem

229 2733 312 2810 hero,
325 2731 527 2796 carthusiano
538 2737 665 2791 curante
678 2730 766 2790 4545.
778 2745 850 2790 cum
863 2729 955 2808 praei.
1011 2727 1132 2804 433343,
1146 2729 1172 2804 a)
1194 2732 1235 2791 ita
1256 2747 1290 2792 se
1311 2732 1423 2794 habet:

229 2827 267 2889 ad
284 2828 434 2907 Igssfltlum
451 2823 598 2904 Lojolaffl,
611 2818 733 2885 Ordinis
750 2823 886 2884 Jfflssiticl
904 2839 956 2884 au·
1050 2845 1167 2898 normes
1183 2851 1269 2899 ommi
1281 2885 1289 2908 ν
1303 2855 1405 2901 moyen
1420 2849 1564 2900 pestumbg
1582 2847 1666 2912 ggwm

230 2929 355 2983 ctorem.
375 2920 476 2982 Tertio
503 2934 573 2980 cum
599 2916 820 2979 introductione
841 2915 879 2978 34
905 2915 958 2976 do
1053 2921 1189 2976 4433333
1204 2923 1337 2988 amma,
1352 2925 1480 2977 vermibus
1495 2927 1612 2989 asporto.

155 3001 160 3012 ’
230 3017 357 3076 ctrioam
372 3013 440 3076 libri
457 3011 601 3085 secundi,
621 3029 674 3091 per
692 3013 814 3072 Petrum
831 3009 957 3072 Paulum
1023 3031 1025 3038 ’
1052 2997 1118 3046 1944
1133 3003 1172 3047 444
1188 3009 1203 3059 t
1219 3003 1306 3061 ²⁸l8⁰=
1322 3004 1422 3063 444444·
1438 3000 1513 3051 40444
1531 3014 1558 3052 ⁸⁰
1573 3003 1710 3064 44444444·

230 3109 422 3189 Philippum,
444 3105 515 3167 Ord.
537 3104 641 3167 Praed.
661 3105 746 3166 Rom.
770 3103 857 3165 4485.
878 3119 959 3182 3333
1013 3097 1130 3176 Scripta
1155 3099 1222 3177 ejus
1245 3101 1344 3178 edita,
1368 3105 1589 3182 maximamque
1611 3105 1709 3178 partem

234 3205 297 3264 sola
318 3203 423 3277 editio,
445 3207 605 3280 repurgata
628 3199 764 3273 scilicet,
784 3196 882 3261 indice
902 3197 960 3258 443
1013 3189 1125 3252 inedita
1145 3193 1220 3254 haec
1240 3204 1327 3256 sunt:

236 3313 326 3358 mano
356 3293 482 3375 legenda
513 3295 715 3372 permittitur,
736 3300 827 3371 34333
852 3305 960 3352 recusa
1057 3283 1272 3380 Vooobotrruu
1301 3286 1458 3365 44444433,
1477 3287 1578 3352 editus
1596 3286 1648 3350 sul)
1665 3284 1711 3342 ini-

235 3397 284 3450 est
304 3390 422 3450 Brixiae
445 3387 534 3449 4444.
553 3387 655 3450 Color.
680 3387 771 3449 4644.
792 3385 819 3446 4.
841 3391 873 3445 34
891 3383 959 3472 Gal-
1014 3380 1089 3439 tium
1105 3381 1338 3460 typographiae,
1355 3386 1385 3444 in
1407 3384 1493 3459 lolio,
1510 3386 1576 3445 sina
1591 3381 1655 3443 anni
1669 3393 1711 3438 no-

233 3483 304 3558 lica,
321 3484 485 3560 interpetre
502 3481 637 3542 lohanne
656 3481 789 3560 Baptista
807 3475 959 3539 ldachaldo
1014 3478 1045 3535 ta
1067 3479 1104 3532 et·
1118 3473 1183 3534 4334.
1555 3517 1560 3526 ,

232 3576 324 3636 Paris.
355 3571 442 3634 4447.
472 3575 499 3634 4.
525 3573 601 3634 Vide
627 3573 826 3633 Possevinum
836 3616 846 3647 ,
868 3568 960 3630 Wad-
1054 3565 1238 3648 colloquium
1258 3569 1294 3631 de
1310 3561 1707 3639 33333333334444333443,41·

234 3668 360 3747 diogom
373 3711 380 3742 ‚
394 3665 614 3738 Labbeum,H.
636 3664 849 3726 Warthcnum.
871 3661 959 3725 Gom·
1013 3657 1206 3740 soliloquium
1231 3663 1371 3742 334333,
1393 3663 1458 3725 sive
1478 3661 1632 3744 Speculum
1655 3653 1710 3716 344

230 3760 375 3844 pendium
402 3759 580 3836 Directorii,
607 3761 674 3821 sive
700 3759 882 3822 Collationes
908 3757 959 3817 444.
1011 3771 1099 3827 moe,
1114 3753 1142 3832 bl
1158 3763 1372 3834 postreterem
1386 3757 1627 3818 editionemcum
1641 3765 1710 3830 ortt

233 3853 476 3918 accommodatas
510 3853 669 3934 pervenire
698 3851 891 3931 cupientibus
920 3849 958 3911 ad
1013 3848 1122 3909 latione
1142 3849 1240 3910 Jacohi
1263 3851 1502 3930 Winrpehelingii
1523 3843 1675 3912 434547.
1686 3839 1708 3900 4.
1729 3909 1733 3922 ,

233 3951 423 4016 Christianae
439 3949 601 4029 Religionis
615 3947 840 4026 perlectionem.
852 3943 956 4006 hotW.
1011 3939 1134 4002 obvium
1151 3943 1182 4002 in
1197 3941 1490 4025 Orthodoxographis
1503 3945 1637 4020 utrisque
1648 3981 1654 4008 ,
1666 3938 1708 3996 nr·

235 4049 323 4110 4443.
345 4051 438 4124 34333
455 4043 568 4105 'deinde
588 4040 666 4103 alibi.
684 4038 845 4120 Speculum
865 4053 957 4100 oure·
1011 4034 1202 4098 3443334455.
1214 4055 1244 4116 p.
1267 4037 1355 4101 4324.
1370 4043 1403 4100 34
1421 4039 1458 4100 Α.
1480 4039 1569 4101 4449.
1589 4053 1617 4114 p.
1637 4025 1706 4093 4447.

235 4157 287 4199 um
310 4143 542 4220 praeceptorum
567 4133 642 4195 DEI
651 4179 658 4211 ,
681 4134 795 4196 editum
824 4133 959 4212 biogunt.
1049 4128 1093 4188 De
1122 4133 1253 4208 quantor
1276 4131 1462 4206 munerun,
1493 4131 1558 4190 sive
1588 4115 1706 4190 Gordiolt

236 4231 324 4294 4474.
344 4231 475 4296 Norimb.
501 4231 591 4294 4484.
610 4229 733 4307 Argent.
760 4227 847 4290 4484.
867 4226 958 4288 basil.
1011 4221 1120 4302 prodiit
1141 4223 1198 4284 sub
1215 4231 1347 4305 tempora
1368 4223 1581 4305 typographiae
1602 4230 1708 4281 nascen-

237 4326 324 4386 4496.
344 4325 469 4405 Argent.
491 4324 580 4388 4524.
604 4325 630 4384 4.
650 4323 812 4384 Sermones
832 4319 869 4381 de
889 4325 958 4380 tem·
1010 4319 1052 4376 tis
1075 4317 1107 4376 in
1132 4317 1158 4376 4.
1182 4317 1216 4376 43
1233 4317 1412 4394 quibusdam
1433 4313 1589 4384 (lodicibus
1602 4311 1708 4374 Thomtt

171 4483 177 4495 ,
234 4433 306 4493 pore
337 4425 366 4478 et
395 4419 533 4480 Sanctis:
559 4417 595 4479 de
627 4413 726 4476 tribus
757 4412 958 4475 Paenitentrcc
1011 4410 1153 4473 tribuitur
1172 4405 1376 4472 Hnselbnclrio.

211 4505 388 4584 partitum
402 4509 437 4572 de
458 4511 571 4594 tripiici
585 4509 717 4572 adventu
738 4502 873 4572 chosel.
893 4508 958 4586 Spl-

240 4617 290 4661 rae
313 4603 400 4662 4484.
424 4607 579 4684 llaganoae
602 4606 689 4667 4449.
711 4601 871 4683 Speculum
887 4618 959 4682 per·
1053 4653 1079 4715 a)
1096 4651 1212 4704 mmo·
1229 4656 1297 4701 ,omo
1313 4648 1338 4700 9·
1354 4661 1415 4713 m·
1431 4647 1486 4698 ¹95·

238 4691 393 4772 fectionis,
408 4697 514 4759 Venct.
533 4699 621 4760 4524.
636 4700 720 4760 Duas,
733 4697 864 4777 prolixas
880 4695 959 4756 Gon·
1053 4729 1081 4790 g)
1099 4730 1268 4789 pomam,
1282 4725 1424 4787 smmum,
1436 4721 1484 4776 ,Μ
1494 4721 1565 4772 pm„
1579 4719 1629 4770 uno
1641 4717 1711 4764 usum

237 4785 339 4848 riores
359 4786 394 4848 de
410 4790 550 4869 porcione
579 4790 700 4851 nomini
717 4797 863 4853 memorat
884 4790 957 4852 San·
1008 4807 1036 4854 t.
1058 4801 1128 4854 4734.
1144 4814 1201 4865 pag.
1219 4799 1289 4851 root.
