3608 5604
702 96 1044 162 LEUCANDER
1554 109 1614 172 effi

159 199 546 266 AndrecsLEUCANDEE.
559 203 654 284 Supra
666 207 711 266 4.4
728 223 756 283 p.
768 207 818 268 86.
884 205 1028 268 banhem
1045 213 1116 268 tom.
1135 209 1170 268 V.
1184 213 1216 268 et
1236 208 1341 270 Venet.
1360 211 1453 272 Coleii
1472 217 1545 274 torn.
1561 217 1612 277 Vi.
1637 211 1639 220 ’

164 295 373 358 LEUCIPPUS
386 297 497 358 citatus
508 295 688 358 acalvcueo
705 298 838 361 Flamma
891 297 1064 362 narduinus
1079 301 1253 362 Liberatnm
1272 303 1371 380 ipsum
1389 306 1482 366 etiarn
1500 309 1612 384 omisit,
1659 345 1661 350 ,

124 388 154 446 iu
172 387 325 468 manipulo
337 389 466 450 Florum.
891 392 962 469 quia
987 394 1147 470 separatim
1170 393 1271 454 editus
1297 395 1354 455 luit
1381 412 1451 456 cum
1470 401 1549 460 notis
1567 403 1611 462 Jo.

162 481 840 549 LEUCIUSPhotiocod.iit.LUclUSClro·
892 482 1048 560 carnerii,
1080 487 1173 546 Paris.
1210 485 1288 546 4675
1320 487 1354 548 S.
1386 490 1485 567 Longe
1517 495 1613 570 magis

122 569 231 649 riuus,
257 575 374 638 Pseudo
392 578 572 654 Hieronymo
593 578 622 638 iu
641 579 784 656 Epistolis
800 578 836 640 ad
891 576 1052 638 emendata
1065 584 1116 638 est
1128 579 1202 639 haec
1213 578 1351 640 caroccii
1364 579 1474 658 editi03
1491 581 1613 662 Appen-

98 663 332 760 chrcmatium
349 675 382 730 et
396 668 592 732 Heliodorum
620 670 834 748 SELEUCUS,
890 667 942 728 dix
964 675 1089 745 autem,
1111 687 1189 749 quae
1212 673 1241 730 in
1273 671 1330 732 hac
1359 689 1480 751 quoquc
1506 675 1611 750 abest,

119 758 331 834 Manichacus,
353 761 442 840 cujus
466 761 559 824 Acturo
586 763 652 824 sive
673 763 837 844 Poriodor,
890 763 1026 822 continet
1047 766 1128 824 varia
1159 765 1307 842 Epistolia
1327 765 1408 843 apud
1435 768 1610 830 Facundum

119 851 309 929 apocryphae
338 851 545 933 Apostolorum
573 857 650 916 Petri
660 901 679 943 ,Ι
690 857 835 934 loannis,
890 859 921 914 et
949 854 1019 916 alibi
1039 855 1146 931 obvia,
1168 857 1294 918 loannis
1316 859 1399 921 cPol.
1423 865 1454 920 et
1475 860 1609 940 Gregorii

80 1011 82 1018 ,
108 941 426 1019 .Andreae,·uhomae
444 953 474 1006 et
491 947 583 1021 Pauli,
597 947 698 1008 4444444
714 950 838 1010 minoris
890 946 961 1006 lina.
984 945 1022 1008 ad
1043 948 1243 1010 Theodorum
1274 951 1538 1028 mopsuestenum,
1559 954 1613 1016 lsi·

119 1041 152 1094 et
172 1037 838 1120 Matthiaaaveteribusmemoranturacrej-
891 1036 955 1098 dori
977 1039 1146 1102 Pelusiotae
1167 1041 1204 1104 ad
1226 1042 1375 1120 Cyrillum
1395 1044 1481 1104 Alex.
1504 1047 1613 1108 Delen-

118 1128 250 1190 ciuutur.
267 1131 342 1191 Looa
360 1149 396 1192 er
416 1133 521 1194 iisdem
540 1135 613 1198 citat
628 1149 685 1192 ncn
703 1136 838 1198 uuoloco
893 1131 1011 1192 sionem
1044 1131 1113 1192 fidei
1147 1135 1242 1196 iactae
1273 1151 1290 1194 a
1311 1135 1443 1213 cyrillo,
1475 1135 1613 1213 ejusdem

118 1219 151 1280 S.
172 1220 384 1301 Augustinus,
400 1241 476 1286 usus
492 1229 597 1288 Latina
614 1228 837 1305 versione,ve1
891 1225 1068 1302 epistolam:
1092 1243 1148 1286 nec
1170 1243 1229 1288 non
1252 1229 1423 1290 testimonia
1445 1230 1551 1306 cyrilli
1573 1247 1612 1292 ex

117 1313 242 1376 Photius
273 1316 362 1393 (quod
398 1324 500 1380 444444
529 1321 630 1380 minus
665 1323 837 1398 verisimile)
892 1318 932 1379 lib
963 1317 1012 1380 22.
1042 1317 1270 1394 thesaurorum,
1299 1337 1338 1382 ex
1365 1323 1613 1400 interpretatione

116 1406 242 1468 Graeca.
268 1408 344 1470 Vide
369 1427 447 1488 quae
469 1413 498 1471 in
520 1410 631 1472 Codice
657 1409 837 1493 Apocrypho
892 1412 1037 1486 levitici,
1059 1412 1145 1473 etad
1170 1412 1372 1474 Theodosium
1395 1416 1469 1493 imp.
1495 1422 1526 1475 et
1551 1417 1613 1494 epi-

115 1501 193 1561 Novi
211 1503 416 1580 Testamenti,
435 1504 484 1566 ubi
502 1505 593 1566 etiarn
610 1502 649 1566 de
665 1507 836 1586 apocrypho
891 1503 1007 1566 444442
1049 1504 1088 1565 ad
1120 1507 1305 1568 successum
1328 1515 1359 1567 ei
1381 1506 1429 1567 lib.
1452 1507 1489 1570 de
1518 1510 1613 1568 Trini-

115 1594 218 1654 Leucii
235 1593 747 1676 Enneapclio,quodbatinebl8tum
759 1599 839 1660 Oxo-
892 1603 975 1658 tate:
997 1594 1157 1658 Athanasii
1190 1597 1241 1658 lib.
1273 1599 1301 1656 4,
1335 1606 1441 1662 contra
1465 1599 1613 1676 Arianos,

114 1687 186 1748 niae
198 1689 315 1750 inbibl.
333 1690 455 1770 collegii
474 1693 614 1772 Corporis
628 1695 743 1756 Cilristi
755 1693 837 1755 evol·
891 1690 1023 1769 Gregorii
1040 1691 1168 1767 Nysseui
1184 1690 1285 1752 444444.
1305 1693 1331 1751 4.
1350 1692 1380 1750 44
1398 1691 1613 1768 beatitudines,

115 1781 165 1839 vu
181 1780 305 1842 einins.
323 1781 452 1845 umerus
469 1785 507 1846 aa
525 1787 683 1848 irenaeum
702 1787 752 1848 444.
768 1790 796 1849 4.
809 1804 837 1849 e.
890 1780 1024 1861 Gregorii
1044 1782 1115 1844 Nu·
1137 1783 1171 1842 44
1185 1783 1372 1864 epiphane,
1391 1784 1542 1846 insensu
1556 1787 1610 1844 ra-

117 1871 1614 1958 twwmfflmfflfflfflmmpmwmmcwmmmm

115 1970 167 2024 ter
182 1965 315 2028 hostiurn
323 1969 495 2032 Divinitatis
514 1972 631 2033 chiristi
649 1972 838 2034 adversarios
892 1983 999 2046 scopos
1019 1985 1075 2046 per
1095 1967 1275 2029 Dardaniam
1292 1969 1495 2042 constitutos,
1514 1970 1611 2030 Theo-

117 2055 224 2118 laudat
239 2061 426 2138 Epiphanius
448 2063 564 2126 haeresi
587 2067 633 2125 hl.
651 2067 679 2124 6·
695 2083 761 2144 pag.
781 2065 838 2127 427
892 2060 987 2122 444444
1001 2059 1039 2122 64
1054 2061 1105 2122 SS.
1118 2063 1264 2122 Trinitatc
1276 2067 1307 2121 et
1323 2067 1428 2122 contra
1439 2062 1612 2122 Sabellium.
1657 2103 1660 2110 ·

118 2155 154 2209 et
175 2167 192 2211 a
215 2169 276 2229 quo
299 2155 448 2216 animatos
477 2172 530 2230 se,
547 2158 743 2218 blontanistus
764 2158 838 2218 laiso
891 2155 1047 2213 Postremo
1069 2153 1135 2214 looc
1156 2155 1278 2232 ponitur
1299 2155 1331 2214 S.
1361 2154 1514 2225 Quintiani
1543 2156 1615 2232 Epi·

119 2243 272 2305 affirmare
289 2247 332 2306 ait
350 2249 497 2309 Pacianus
513 2249 611 2328 Epist.
629 2253 657 2314 4.
892 2247 973 2324 444ρί
997 2246 1141 2308 Asculani
1169 2247 1205 2308 44
1233 2248 1355 2308 Petrum
1385 2247 1610 2308 Antiochenam

162 2339 380 2416 LEVOLDUS,
398 2358 490 2420 supra
503 2343 740 2410 LEOVOLDUS.
893 2337 987 2414 fides,
1008 2355 1080 2400 cum
1101 2337 1374 2400 Auathematismis
1390 2342 1457 2400 Xll.
1476 2340 1564 2400 obvia
1582 2341 1612 2400 in

162 2431 324 2493 Coeuobiia
343 2434 448 2494 Crucis
476 2435 506 2496 S.
537 2436 749 2497 LEUTFREDI
767 2436 841 2497 scri·
894 2433 985 2492 tomis
1005 2433 1164 2494 concilior.
1186 2432 1224 2494 ad
1249 2432 1306 2494 An.
1339 2431 1409 2494 44844.
1441 2432 1611 2494 4444444444

118 2524 183 2604 psit
202 2523 295 2584 44444444
311 2526 342 2586 8.
360 2524 518 2606 6444444444
544 2527 671 2588 Abbatis
692 2530 722 2588 in
739 2530 842 2590 Ebmi-
895 2526 1075 2602 scriptorum
1088 2531 1120 2585 et
1132 2525 1352 2588 haereticorum
1370 2543 1386 2586 a
1404 2527 1540 2586 Liberato
1551 2541 1614 2588 me·

117 2617 205 2676 censi
223 2617 421 2679 Normauuiae
438 2619 588 2697 dioecesi,
605 2618 738 2680 deiuncti
753 2619 840 2682 Anno
894 2624 1076 2676 moratorum
1095 2617 1163 2677 dedi
1179 2617 1252 2678 84444.
1270 2619 1383 2679 Graeca
1395 2627 1417 2678 t.
1434 2621 1487 2679 Xi.
1504 2637 1533 2698 p.
1545 2621 1612 2679 446.

120 2710 190 2770 res.
212 2712 322 2772 exsut
339 2714 368 2772 in
394 2713 478 2773 4444
499 2714 678 2775 sanctorum
696 2719 769 2778 tou.
790 2715 838 2777 444.
936 2707 1614 2784 44684444666444464446644444443444-

117 2802 200 2863 lunii
216 2805 266 2865 44.
283 2821 349 2884 pag.
370 2805 429 2868 445
445 2807 502 2868 tte
521 2812 589 2886 post
610 2805 773 2868 editionem
790 2809 840 2868 Ja.
894 2798 1065 2861 nedictinus
1086 2807 1118 2860 et
1142 2801 1243 2862 Ahbas
1275 2803 1533 2880 comminuentis,
1554 2803 1611 2864 An.

118 2897 287 2957 conterunt
307 2899 336 2956 in
352 2899 772 2977 supptemenuunuquiuu.
787 2900 840 2960 ra·
894 2891 952 2952 644
975 2897 1008 2953 ut
1029 2892 1117 2970 aiunt
1138 2895 1309 2974 Pampilone
1330 2893 1513 2968 defunctus,
1531 2911 1613 2954 com-

120 2991 172 3049 444.
194 2996 227 3048 44
248 2990 396 3051 vincentii
429 2992 558 3054 Barraiis
580 2993 609 3052 in
641 2993 839 3070 Chrouclogia
893 2986 1050 3046 mentitius
1081 2987 1210 3065 scriptor
1243 2986 1404 3062 chronici,
1425 2986 1463 3047 ad
1486 2989 1610 3064 Dextri,

119 3081 150 3141 S.
181 3083 302 3146 insuiue
323 3085 513 3160 heduensis,
538 3086 616 3146 Surii
638 3084 675 3146 ad
698 3087 746 3146 44,
768 3086 837 3146 tun,
892 3078 1033 3151 Maximi,
1054 3079 1188 3154 tuliani,
1210 3079 1352 3141 hauberti
1369 3086 1540 3142 commenta
1558 3082 1612 3140 sti·

125 3173 198 3233 edit.
219 3191 268 3235 au.
292 3177 370 3235 4648
391 3182 423 3236 44
442 3177 601 3237 bichilionii
621 3179 686 3239 Sec.
703 3179 730 3237 3.
744 3181 840 3238 Beue·
893 3169 1010 3248 panda,
1034 3189 1071 3232 44
1092 3172 1305 3249 perpluerent,
1329 3175 1358 3234 iu
1381 3172 1480 3233 lucem
1503 3172 1614 3251 pmdu-

120 3267 215 3327 dictin
238 3273 323 3344 parte
354 3269 459 3344 prima.
491 3269 566 3332 Vide
587 3276 619 3330 et
646 3271 838 3330 vincentium
893 3265 932 3322 444
954 3270 986 3322 44
1007 3264 1122 3342 pseudo
1147 3265 1297 3326 Henhsrto
1318 3264 1511 3342 subjunctis
1540 3265 1615 3326 Gre-

123 3359 272 3419 Beliovac.
289 3360 404 3436 speculi
422 3359 585 3422 historialis
601 3363 701 3425 xxiii
720 3363 787 3422 428.
893 3357 974 3432 gorio
994 3356 1150 3434 Argoizio,
1172 3357 1376 3418 benedictino.
1395 3357 1511 3418 bladrit.
1531 3357 1609 3420 4667

160 3451 348 3513 LEVUTiUS
364 3451 402 3514 de
423 3452 487 3514 44444
508 3457 610 3516 nescio
636 3457 724 3517 cuius
741 3457 771 3517 S.
789 3455 838 3514 lo
893 3450 941 3510 iol.
974 3449 1055 3527 quod
1077 3450 1115 3512 ab
1143 3453 1217 3529 ipsis
1250 3452 1453 3530 sagacioribus
1473 3453 1613 3531 llispauis

118 3544 208 3605 uucr's
241 3547 380 3624 Episcopi
413 3549 474 3611 hlS.
515 3548 723 3628 cantabrigiae
758 3553 837 3608 teste
892 3543 1065 3622 exploditur
1096 3551 1131 3604 44
1163 3547 1341 3606 nominatim
1363 3563 1380 3606 a
1401 3548 1464 3608 liic.
1484 3546 1613 3607 Antonio

122 3637 236 3699 Thomu
256 3633 388 3698 tamesin
408 3640 488 3718 apud
510 3641 650 3702 vossium
672 3658 700 3720 p.
724 3641 792 3702 742.
891 3639 1039 3700 4484444.
1055 3645 1117 3698 vet.
1134 3641 1283 3718 Hispanae
1303 3640 1472 3718 44246846
1486 3641 1612 3700 466444.

159 3731 374 3792 [4884447448
411 3725 653 3794 Archidiuccuus
684 3734 838 3813 carthagi·
932 3733 1108 3793 LlBEiilUS
1128 3733 1298 3811 Episcopus
1318 3735 1474 3798 comanus
1494 3732 1532 3793 ab
1554 3732 1611 3794 Au.

119 3825 257 3898 niensis,
278 3829 310 3883 et
343 3823 485 3888 defensor
515 3829 608 3887 trium
631 3828 837 3904 capitulorum
893 3825 962 3885 352.
982 3825 1048 3902 44444
1073 3825 1112 3886 24
1134 3825 1172 3886 ad
1193 3825 1340 3886 Au..3iic.
1363 3827 1446 3903 Sept.
1460 3827 1500 3885 23
1516 3841 1612 3901 quau-

120 3917 242 3994 scripsit
258 3918 337 3978 circa
356 3917 413 3977 An.
435 3920 502 3980 553.
523 3915 711 3979 6444444444
728 3935 839 3980 musae
893 3933 984 3993 quern
1014 3923 1099 3976 metu
1130 3917 1307 3995 compulsus
1335 3916 1456 3976 Arianis
1477 3933 1613 3976 commu-

118 4008 413 4072 Nestoriunorumet
429 4007 771 4088 Eutpchr'nuorum,'res
787 4027 841 4070 au·
894 4009 1015 4069 uionem
1042 4009 1142 4086 aliquo
1174 4016 1310 4086 tempore
1343 4025 1402 4068 non
1429 4007 1611 4085 denegavit,

117 4119 226 4164 uorum
247 4103 316 4164 436.
342 4105 497 4164 succincta
521 4105 692 4164 narratione
720 4119 842 4181 [444444-
894 4101 1170 4179 proiessicniquea
1201 4100 1377 4179 Demophiio
1398 4101 1453 4162 sibi
1476 4099 1611 4162 oblatae.

117 4197 251 4258 reuniri
271 4204 401 4276 utraque
414 4198 615 4260 conciliorum
630 4198 708 4257 Petri
723 4195 840 4257 Crabbe
894 4195 960 4254 sive
983 4197 1150 4272 posteriori,
1166 4202 1200 4256 ut
1217 4197 1362 4256 Petavius
1383 4196 1410 4269 a)
1431 4195 1458 4252 iu
1478 4197 1558 4252 uotis
1574 4193 1612 4254 ad
1659 4207 1663 4216 ⁴

116 4289 249 4352 editione
264 4290 334 4350 huic
353 4290 502 4352 breviario
520 4290 713 4370 subjungitur
729 4305 841 4370 appcn·
893 4286 1095 4366 Epiphanium
1118 4294 1149 4348 et
1169 4287 1343 4348 Biondelius
1364 4285 1390 4360 b]
1413 4285 1612 4362 contendunt,

116 4383 188 4458 dix,
210 4401 301 4462 quam
325 4382 435 4444 deinde
463 4385 696 4463 praetermisere
713 4383 837 4456 Einius,
878 4381 960 4455 ,sive
976 4382 1086 4460 priori,
1109 4387 1143 4440 44
1159 4381 1286 4441 ceronio
1303 4383 1329 4456 c)
1348 4389 1379 4439 et
1393 4379 1612 4440 recentioribus

116 4479 256 4538 tumlti.
276 4479 342 4538 sive
357 4478 448 4538 tomis
465 4484 551 4556 perta
570 4478 599 4537 2.
618 4478 708 4554 Regia
729 4482 750 4534 t.
773 4477 838 4538 xil.
894 4472 1075 4550 quibusdem
1093 4472 1121 4548 d)
1144 4491 1223 4534 novo
1245 4476 1394 4534 rationum
1407 4471 1556 4550 praesidio
1568 4473 1613 4532 iu-

159 4582 185 4642 4)
201 4585 263 4646 Peg.
277 4579 333 4632 aio.
351 4581 382 4631 44
398 4581 525 4646 Epiphun.
541 4581 628 4632 coulcr
655 4581 782 4632 valesium
812 4581 844 4630 44
935 4579 964 4640 c)
971 4577 1007 4626 44
1024 4577 1133 4628 444467.
1143 4577 1216 4628 ulti.
1228 4577 1616 4642 seq.iluttbueusturroqnauns

114 4659 245 4707 sozomeni
264 4659 304 4708 444.
323 4656 362 4707 ib.
378 4663 403 4707 44
418 4660 525 4720 4444444
543 4660 574 4708 44
591 4663 619 4707 Α.
631 4655 689 4707 487.
705 4669 731 4708 u.
749 4655 789 4704 42.
890 4653 950 4704 dits.
964 4653 995 4704 44
1007 4653 1106 4704 liberio
1115 4657 1237 4712 Romano,
1246 4657 1339 4701 644444.
1351 4651 1421 4702 4676.
1430 4649 1455 4702 8.
1469 4663 1484 4712 p
1499 4649 1553 4701 462.
1561 4663 1616 4713 req.

159 4731 191 4793 b)
208 4734 235 4780 iu
253 4735 333 4794 opere
351 4733 381 4782 de
398 4735 509 4796 primatu
538 4735 565 4783 in
590 4731 724 4792 Ecclesia,
751 4731 805 4781 6444
816 4743 845 4782 44
936 4725 964 4789 4)
980 4729 1116 4778 4444444444
1133 4734 1195 4778 tom.
1212 4731 1253 4778 vi.
1269 4723 1616 4790 memorianpaglicacc.

120 4803 190 4857 edito
206 4821 262 4870 pag.
281 4805 339 4856 466.
352 4807 408 4858 tiit.
888 4801 945 4853 772.
962 4813 1015 4866 seq.
