3596 5610
688 131 931 196 incoatis

78 229 222 304 imiacm
237 237 312 300 llll.
327 237 464 301 Prodierc
481 240 593 320 vulgati
611 257 628 302 a
643 242 788 322 Papebro
841 242 1001 304 remoniale
1022 241 1176 301 diversum
1203 239 1323 301 videtur
1351 239 1408 301 sub
1440 239 1496 300 hoc
1521 224 1559 300 44-

77 333 184 394 444444
204 332 287 393 444444
304 331 433 393 sanctor
459 341 530 394 torn.
550 335 597 396 iv.
614 334 679 412 llaji
704 337 740 398 49
758 353 787 415 p.
841 334 924 397 tulo:
948 335 985 396 in
1003 351 1080 394 nom.
1113 331 1248 404 Domini,
1269 333 1370 394 lmen.
1406 333 1442 393 ln
1473 331 1557 394 domo
1634 403 1636 410 ¹

79 425 133 488 437
151 427 203 487 464
225 439 283 487 444
308 441 377 486 cum
395 426 484 488 libris·
497 427 547 488 144.
568 427 603 488 de
620 428 788 490 canoniea·
843 428 934 490 unius
956 427 1237 489 Reuerendissirnor.
1256 424 1467 490 cardinalium
1487 431 1559 488 sunt

77 521 148 582 44444
177 517 339 582 Caelestini
370 521 398 579 V.
422 537 487 599 pag.
511 521 568 583 473
594 523 651 594 483
679 522 789 583 additis
844 520 1042 604 infrascripta
1062 519 1159 602 officia
1176 519 1404 600 principaliora.
1432 521 1479 582 44
1502 521 1558 583 hoc

77 616 161 676 etiam
185 615 274 672 notis.
304 610 451 690 Ejusdem
478 614 543 676 iibri
557 618 596 692 ll.
613 614 649 677 dc
666 633 790 677 corona-
844 601 955 696 pariter
966 615 1345 695 opusculumtribueudom
1358 618 1398 674 sit
1408 615 1559 688 caietano,

78 708 148 768 444444
158 702 310 786 Bonifacii
318 704 398 766 Vlii.
410 704 515 767 itidem
531 709 671 797 verubus
686 712 790 789 scripti
844 703 1051 790 igooic.Porro
1063 709 1153 769 etiam
1166 709 1381 770 caeremoniale
1393 708 1447 769 boc
1459 724 1561 769 meum

77 801 204 862 Hernicis
222 803 344 860 exalent
368 797 436 860 ibid.
456 815 521 879 pag.
540 802 606 862 464.
627 801 693 864 474.
714 801 791 864 addo
845 802 882 866 ab
904 803 1003 868 omnis
1024 801 1260 880 interpolationis
1287 803 1457 880 suspicione
1482 801 1562 864 head

78 894 226 972 Polycarpi
242 893 539 969 Leyseri'hisloriam
558 901 683 974 poeseos
702 897 791 957 medii

79 987 141 1050 aevi
157 1003 226 1066 pag.
246 985 326 1046 2037
351 1002 413 1065 seq.
443 989 599 1049 Praetereo
619 991 792 1051 4144444444

83 1082 210 1159 scripta,
239 1078 396 1156 carmina,
423 1096 595 1155 sermones,
622 1081 792 1162 Epinoion,

80 1174 233 1253 dequibus
243 1174 277 1235 G.
292 1173 445 1252 iosepirus
456 1173 537 1254 Eggs
553 1177 581 1234 in
598 1193 731 1254 purpura
741 1176 793 1237 do-

82 1275 125 1329 cta
143 1275 215 1328 tom.
234 1271 262 1341 l,
280 1285 346 1347 pag.
368 1267 428 1330 257
442 1283 506 1346 seq.
530 1267 725 1329 Ordinarium
739 1272 794 1332 ilo·

846 897 969 974 penitus
990 911 1098 955 vacare
1121 893 1198 954 ultro
1219 911 1355 972 agnosco.
1371 895 1559 973 Quamquam

846 991 927 1049 enim
949 1005 1055 1048 omnes
1077 988 1144 1048 illac
1176 989 1380 1064 coniecturae,
1402 1005 1479 1067 quae
1503 990 1563 1049 lla-

847 1081 1003 1143 brllouium
1035 1080 1241 1155 induxerunt,
1262 1087 1297 1143 ul
1317 1083 1457 1144 4444444444
1482 1082 1563 1144 44444

847 1176 954 1237 librum
977 1176 1120 1236 Caietano
1140 1175 1308 1251 tribueret,
1326 1183 1357 1236 44
1378 1178 1408 1236 44
1432 1193 1498 1238 meo
1512 1193 1563 1256 pa-

847 1271 920 1332 riter
941 1276 1117 1345 recarruot3
1136 1269 1337 1348 suspicionem
1360 1275 1460 1330 tamen
1483 1271 1564 1331 4444-

80 1377 181 1422 444444
198 1359 353 1422 Ecclesiae
369 1359 449 1440 quad
471 1370 543 1422 tom.
561 1363 590 1422 2.
615 1365 707 1424 444444
726 1381 791 1444 pag.
845 1369 891 1424 444
911 1361 939 1424 id
962 1361 1041 1442 qood
1064 1363 1173 1441 legitor
1195 1363 1224 1422 in
1246 1377 1310 1440 cap.
1333 1363 1381 1423 8l.
1405 1363 1563 1425 caeremo-

15 1463 16 1492 1
82 1454 137 1516 443
153 1453 212 1515 443
235 1455 373 1534 vulgavit
393 1455 595 1532 mabillonius,
618 1456 687 1518 hoio
709 1457 793 1535 caje-

15 1583 16 1620 f
81 1555 144 1609 tana
161 1548 288 1624 tribuit,
305 1549 461 1612 verisimili
478 1549 651 1627 coniectura
666 1549 787 1612 ductus.

15 1679 16 1682 =
117 1641 187 1702 *Et
204 1641 280 1708 milri
306 1645 417 1720 pariter
439 1659 474 1704 ea
497 1642 582 1703 sedet
599 1645 697 1722 opinio
715 1661 792 1722 quas

15 1801 16 1820 ¹
85 1735 148 1796 olim
162 1734 331 1797 tiabillonio
346 1733 381 1796 de
402 1733 558 1797 ordinario
574 1737 724 1798 Romanae
739 1737 795 1797 Ec-

15 1889 16 1894 ,
84 1826 183 1889 etesiae
194 1825 346 1890 cardinali
359 1829 428 1890 44444
440 1829 598 1890 tribuendo
609 1830 716 1892 iisdem
727 1847 795 1909 pcr-

85 1937 164 1983 susoo
180 1920 359 1998 rationibus,
369 1938 446 1999 quae
457 1923 528 1984 olim
545 1923 714 1984 Mabiilcnio
729 1940 795 2003 per-

15 2009 16 2048 3
85 2021 252 2077 suaserunt.
266 2013 352 2087 Quod
366 2022 468 2078 444444
484 2015 667 2078 ordinarium
681 2019 795 2101 primus

848 1457 934 1518 nialis
950 1456 1147 1518 Mabilloniani
1171 1456 1219 1517 ubi
1241 1453 1279 1516 de
1297 1456 1438 1517 mandato
1455 1473 1471 1518 a
1489 1458 1565 1517 Pon-

848 1550 928 1611 44444
946 1550 1091 1612 habendo.
1109 1551 1190 1610 Unam
1203 1548 1346 1610 diaconus
1362 1551 1415 1630 qui
1431 1549 1461 1610 ei
1471 1555 1567 1612 444444

848 1642 1011 1704 secundum
1032 1642 1191 1703 Dominum
1211 1639 1356 1702 iacobum
1388 1643 1567 1706 Caletanum

849 1736 946 1818 ipsum
968 1738 1084 1818 Papam
1101 1735 1281 1816 praecingit.
1303 1736 1400 1798 Verba
1421 1735 1495 1798 44444
1515 1736 1568 1798 (44-

849 1837 923 1892 sunt
943 1833 973 1891 44
999 1847 1085 1906 meo,
1108 1829 1162 1891 scd
1185 1845 1240 1891 444
1264 1829 1429 1908 quidquam
1455 1830 1495 1891 ibi
1519 1843 1569 1892 oc·

849 1927 942 1986 currit
973 1924 1012 1984 de
1041 1923 1187 2003 cingendo
1219 1924 1310 1984 linteo
1341 1922 1482 1984 Ponticae
1513 1939 1567 2002 per

849 2020 1027 2081 Diaconum.
1047 2017 1234 2088 Quarevsive
1251 2018 1280 2076 in
1303 2031 1370 2077 meo
1391 2015 1447 2076 hoc
1467 2015 1568 2076 rituali

85 2109 266 2171 itabillooius
301 2109 444 2188 produxit
477 2111 690 2188 interpolatum
727 2127 795 2173 esse
850 2113 923 2174 haec
944 2111 1057 2173 reiecta
1079 2118 1165 2186 sunt,
1187 2113 1253 2172 4444
1273 2111 1365 2173 alium
1386 2128 1403 2172 a
1423 2107 1567 2187 cajetano

87 2191 169 2264 nemo
186 2201 326 2283 prudens
347 2205 511 2282 negaverit,
528 2220 599 2265 cum
615 2206 709 2266 multa
726 2221 797 2266 con·
849 2205 1008 2268 authorem
1035 2204 1149 2280 habel3
1174 2205 1345 2283 Utcumque
1365 2207 1406 2264 444
1425 2201 1568 2264 emendat

85 2297 170 2358 lineat
199 2297 343 2375 exempla
364 2313 381 2358 a
403 2297 618 2376 posterioribus
649 2295 797 2358 Pontifici·
852 2305 954 2360 noster
973 2297 1048 2359 cod.
1069 2299 1129 2360 llS.
1161 2298 1257 2359 muita
1278 2313 1355 2376 quae
1377 2300 1405 2358 in
1437 2294 1568 2359 llabillo·

87 2391 136 2452 bus
165 2394 242 2470 quin
263 2395 295 2451 el
315 2389 353 2451 ab
373 2391 437 2468 ipsa
461 2390 577 2452 Urbano
597 2392 645 2452 Vt.
671 2391 797 2454 44444444
851 2395 940 2455 niano
957 2392 1118 2454 lectionem
1139 2391 1335 2470 depravatam
1353 2393 1454 2453 lerunt
1474 2398 1505 2453 44
1526 2390 1568 2452 la-

86 2483 134 2545 hoc
153 2485 252 2545 multo
274 2487 438 2544 4444444444
460 2485 632 2563 petilailst.
650 2485 796 2547 mibillS.
850 2503 945 2549 cunas
971 2487 1083 2564 implet.
1116 2503 1180 2566 cap.
1214 2487 1289 2546 XX:
1308 2484 1460 2546 ¹litabilior.
1490 2485 1567 2548 cum

86 2575 148 2640 cul.
178 2579 379 2652 chartaceus,
402 2580 453 2656 qui
475 2579 544 2638 oiim
572 2579 739 2657 pertinebat
760 2578 797 2640 ad
852 2578 968 2642 duobus
1000 2577 1152 2642 cherubin
1182 2579 1213 2640 in
1245 2579 1360 2640 cameri
1378 2579 1410 2639 in
1437 2577 1566 2640 44444444.

85 2671 196 2734 Petrum
222 2673 391 2732 Ferricium
414 2670 603 2732 cardinalem
621 2674 798 2733 Tirasonen·
852 2677 929 2753 Lege
950 2689 987 2734 44
1021 2681 1123 2733 444444
1152 2675 1180 2732 44
1203 2671 1357 2732 cacumine
1384 2669 1566 2732 ionccamm.

85 2767 263 2838 4444444444
284 2765 453 2844 insignibus
479 2766 634 2844 gentilitiis
659 2773 792 2840 ornatur,
849 2768 986 2830 blabiilon
1007 2783 1073 2846 pag.
1096 2766 1154 2828 375
1180 2764 1222 2825 ad
1254 2763 1403 2826 Palatium
1434 2765 1567 2827 ciuicae.

85 2860 282 2938 Continetque
298 2860 522 2921 caeremoniale
542 2859 570 2918 S.
586 2860 618 2920 ll.
640 2849 793 2921 Ecclesiae
846 2863 904 2924 MS.
926 2861 962 2922 ad
985 2861 1128 2922 Palatium
1151 2857 1284 2930 cinthii,·
1301 2858 1396 2918 tiabit.
1412 2875 1477 2936 pag.
1492 2855 1562 2915 ale.

86 2952 155 3014 idem
171 2968 298 3034 prorsus
313 2969 383 3014 cum
399 2953 455 3013 hoc
472 2955 537 3031 ipso
552 2953 720 3026 cabilloni,
736 2954 792 3012 nisi
847 2956 889 3015 lle
908 2957 1005 3016 Monte
1027 2954 1157 3034 cryptae
1173 2951 1341 3025 Ferratac,·
1362 2951 1422 3012 tls.
1444 2949 1486 3008 De
1500 2949 1562 3010 llo-

85 3045 155 3124 quod
177 3046 275 3108 muita
296 3045 367 3106 hinc
389 3045 458 3107 iude
480 3049 509 3106 in
531 3045 696 3108 eodesunt
715 3062 791 3123 qaae
846 3046 1184 3109 rusurrianensis.
1216 3045 1375 3125 pag.'ll3.
1404 3042 1559 3121 Quondam

84 3140 110 3198 44
137 3139 354 3201 tlebillooiaoo
376 3139 537 3218 leguntur,
558 3147 590 3200 44
614 3141 792 3219 praesertim
845 3141 1024 3223 Episcopum
1047 3141 1107 3202 ns.
1139 3141 1294 3215 Quondam
1319 3136 1497 3217 Episcopum
1521 3136 1556 3198 il.

86 3233 158 3294 uuila
177 3235 216 3294 ibi
242 3231 324 3312 legas
345 3235 438 3312 petita
459 3251 498 3295 ex
515 3233 707 3295 Pontificibus
724 3238 792 3311 post
845 3236 928 3296 idem
950 3235 1057 3296 llabill.
1077 3232 1231 3296 videlicet.
1254 3277 1261 3290 .
1285 3229 1424 3312 ,festum
1444 3232 1478 3291 ln
1499 3231 1561 3292 tls.

85 3327 272 3388 benedictum
294 3328 345 3388 xi.
367 3328 450 3400 Quae
471 3345 508 3388 44
527 3327 690 3388 Pontillcali
711 3327 790 3388 Petri
845 3329 926 3390 44144
947 3334 1071 3406 apparet
1091 3329 1208 3389 lacuna.
1231 3325 1339 3387 44444414.
1357 3342 1385 3406 p.
1407 3325 1477 3387 360.
1498 3323 1565 3387 col
1642 3383 1644 3390 .

84 3417 181 3482 4444444
202 3424 235 3480 44
248 3421 328 3482 istud
343 3421 490 3482 translata
506 3419 649 3481 indicavit
663 3419 793 3481 444444144-
846 3425 893 3482 tos
906 3437 989 3480 cum.
1008 3463 1017 3480 .
1035 3463 1043 3481 .
1060 3436 1124 3483 sinc
1135 3418 1282 3495 camisus3
1300 3421 1359 3480 us.
1377 3419 1479 3482 cottas
1493 3433 1561 3478 cum

84 3515 151 3590 aius,
167 3514 243 3576 haec
264 3517 362 3575 omnia
383 3531 400 3575 4
422 3530 488 3574 meo
512 3514 631 3576 absunt.
653 3516 723 3574 Post
743 3529 792 3574 ca·
844 3514 936 3576 suciis
957 3513 1021 3576 siue
1040 3513 1174 3575 camisiis
1205 3510 1293 3574 alliis.
1315 3513 1422 3575 illabili.
1444 3531 1473 3592 p.
1495 3513 1563 3574 364.

18 3651 19 3658 .
83 3614 130 3684 put
148 3608 184 3670 44
204 3609 339 3670 44444444
361 3623 507 3669 novorum
529 3608 733 3670 cardinalium
757 3614 788 3667 44
845 3607 954 3669 Parati
981 3623 1050 3668 cum
1081 3607 1255 3668 mitris...
1277 3622 1367 3686 eques
1388 3605 1475 3667 sicut.
1498 3605 1557 3666 us.

19 3701 20 3748 l
84 3697 115 3760 de
134 3701 227 3764 lorma
248 3700 423 3780 providendi
442 3699 630 3763 cardinalem
645 3701 682 3762 de
704 3701 791 3763 titula
844 3715 934 3782 eques
952 3701 1031 3762 sicut
1046 3702 1077 3760 in
1091 3699 1265 3762 4444444444
1282 3703 1435 3760 ratmunt.
1453 3699 1561 3759 tiabiil.

83 3791 256 3876 Episcopali,
273 3796 303 3854 in
325 3795 436 3874 quibus
454 3803 581 3874 uterque
597 3795 700 3858 codex
718 3812 792 3856 non·
844 3811 912 3875 pag.
930 3796 999 3856 364.
1011 3811 1172 3875 morcarus
1189 3793 1220 3854 in
1233 3809 1306 3854 uero
1320 3790 1493 3852 admodum
1505 3807 1564 3871 quo

19 3869 20 3916 l
83 3886 163 3948 nullis
182 3890 320 3967 exceptis
340 3890 512 3959 consentit,
527 3889 642 3966 reliqua
668 3891 696 3948 in
724 3904 789 3948 meo
844 3887 984 3966 lepuntur
1005 3885 1151 3949 4444444444.
1173 3888 1230 3948 ns.
1250 3901 1411 3966 processus
1438 3884 1469 3944 in
1490 3889 1559 3944 noto

83 3975 264 4061 discrepant,
286 3987 321 4042 ul
343 3983 372 4042 in
395 3988 458 4042 toto
472 3984 569 4060 capite
586 3982 623 4042 de
641 3997 790 4042 44444444-
843 3979 886 4038 aa
905 3977 1024 4039 modum
1045 3997 1103 4060 quo
1126 3977 1267 4059 leguntur
1289 3977 1436 4038 lectiones.
1456 3972 1562 4037 biabill.

83 4072 133 4132 4444
153 4091 300 4135 novorum
322 4073 527 4136 cardinalium
542 4073 677 4136 succedit
698 4081 790 4151 caput
843 4088 937 4152 super
952 4088 1020 4132 eam
1033 4071 1147 4134 siclam
1171 4088 1230 4132 4444
1244 4073 1408 4130 -rnanuset
1422 4066 1564 4140 bracium·

20 4123 21 4212 l
83 4163 152 4227 aliud
174 4166 211 4229 de
234 4169 270 4228 iis
292 4184 370 4247 quae
392 4167 573 4247 praestanda
595 4173 668 4229 suot
687 4166 791 4228 aliia·
844 4165 906 4228 MS.
925 4163 1038 4230 Stoiom
1058 4181 1150 4244 super
1171 4179 1279 4224 manus
1300 4167 1328 4222 et
1349 4158 1482 4222 bractia.

84 4271 146 4318 cono
166 4259 328 4324 cardinali
347 4259 378 4321 in
398 4259 500 4323 Missis
520 4259 649 4322 4444444444
671 4257 791 4340 Populi·
881 4255 1561 4335 iACOEUSCardinalis:praetercajctanum

85 4345 151 4428 lus;
171 4356 251 4436 quod
276 4371 336 4416 nou
358 4357 423 4434 lego
452 4356 482 4414 in
503 4354 689 4430 blabiilonio;
712 4357 791 4416 sicut
843 4352 974 4416 lacobus
987 4350 1136 4426 Earncrii,
1147 4347 1276 4410 lacobus
1293 4348 1329 4408 dc
1346 4345 1439 4410 Clusa
1453 4355 1484 4408 et
1501 4347 1561 4408 Pa-

22 4521 23 4536 *
84 4449 281 4510 aec-alterum
305 4451 439 4529 proxime
462 4451 490 4507 in
512 4463 580 4508 meo
604 4463 735 4526 sequens
755 4447 791 4509 dc
841 4447 954 4528 piensis
974 4444 1204 4508 PiccoIomincus
1220 4451 1251 4504 44
1268 4436 1304 4503 dc
1323 4441 1462 4503 Vitriaco.

84 4542 210 4617 respuis
230 4557 308 4622 quos
325 4559 384 4624 per
403 4558 436 4603 sc
458 4543 542 4620 Papa
563 4537 702 4600 celebrat.
730 4541 789 4600 Nec
884 4541 1050 4603 lAcOBUS
1070 4537 1306 4612 carthusiensis,
1333 4536 1409 4596 inira
1431 4531 1562 4596 lacobus

84 4627 204 4712 lenique
218 4636 298 4698 atiud
316 4636 353 4696 de
368 4637 564 4698 caeremoniis
575 4633 696 4715 quando
707 4635 791 4714 Papa
845 4633 881 4696 dc
897 4631 991 4697 clusa
1007 4641 1038 4694 et
1054 4629 1266 4712 cruptrodrus.

84 4723 194 4801 equitat.
211 4730 384 4792 8444444444
401 4730 474 4792 44444
492 4729 626 4791 succedit
640 4731 669 4789 io
685 4728 790 4790 eodem
883 4727 1053 4790 iltcOllUS
1080 4723 1263 4787 tunterbuclr
1287 4721 1324 4784 de
1352 4721 1491 4798 Palania,
1516 4739 1555 4784 ex

85 4815 135 4878 iiS.
156 4821 262 4885 codice
283 4825 428 4903 scriplum
458 4823 558 4900 aliud,
580 4823 658 4902 quod
681 4841 698 4886 a
719 4825 792 4886 Coo·
844 4821 985 4884 Monacho
1000 4818 1175 4884 4444444444
1193 4817 1384 4880 cisterciensi
1403 4818 1433 4876 in
1448 4817 1562 4877 coena
