3596 5610
199 121 263 185 286
826 111 1076 180 lacobus
1175 66 1179 74 *

201 231 231 290 in
253 223 544 288 commendationem
566 223 718 299 Pomponii
743 223 825 282 Laeti
850 239 922 284 cons
973 241 1049 301 guae
1064 225 1122 287 Ans
1135 223 1213 288 rsit
1228 227 1438 308 promulgatae,
1455 230 1615 290 exstantia
1632 231 1684 291 Ba·

200 321 477 384 traobneotatorss
494 315 626 376 nominis
642 314 731 376 illius.
974 318 1045 378 lozii
1065 319 1235 398 appendice·
1247 321 1284 382 ad
1305 323 1383 384 Petri
1395 321 1432 384 de
1446 323 1540 383 liaroa
1554 339 1682 384 marcam
1751 364 1754 376 ·

240 415 318 492 (444.
340 412 478 474 Memoria
495 407 524 470 di
551 409 661 488 iaoopo
687 407 845 487 4444444444
865 425 921 470 oon
975 413 1165 490 hispanicam
1187 431 1216 494 p.
1241 415 1318 478 4442
1341 431 1404 494 seq.
1423 415 1500 477 4444
1519 431 1581 494 seq.
1596 424 1684 495 atque

90 534 93 544 ·
200 525 241 570 un
253 503 416 586 appendice
427 501 458 562 di
470 503 577 579 (LXV.)
589 503 922 578 Monumentilraccolte
975 504 1051 566 aliae
1070 504 1127 566 lln.
1152 505 1229 568 4288
1251 523 1316 587 pag.
1346 507 1424 571 4442
1447 510 1528 570 4443
1546 514 1576 568 44
1603 508 1685 570 Anno

199 600 237 662 da
257 597 293 660 G.
306 601 338 660 it.
355 595 538 674 Vermiglioli
564 595 693 674 Perugia
728 595 818 656 4848.
839 597 869 654 in
892 595 921 653 8.
977 590 1106 660 4233444
1124 599 1215 660 rebus
1230 602 1324 662 sacris
1340 607 1372 662 et
1387 617 1444 662 non
1459 599 1685 680 sacris,p.il25
1765 631 1769 636 ·

197 711 264 773 pag.
286 691 376 766 448.)
498 743 499 750 ,
698 741 716 775 a
910 741 913 747 .
976 707 1040 768 seq.
1057 691 1144 752 Pacis
1164 699 1196 754 et
1214 699 1340 772 treguae
1356 693 1412 755 An.
1433 691 1509 756 4234
1527 709 1589 772 pag.
1611 692 1685 754 4482

237 785 405 852 lacobus
418 782 557 864 Aquinas
574 784 641 844 siva
657 780 835 863 4444444444,
848 779 924 842 0444.
976 800 1039 862 seq.
1062 784 1147 846 Aliae
1162 783 1312 848 adversus
1325 787 1482 848 avaritiam
1506 785 1684 848 iudaeorum

64 853 69 864 ³
196 878 299 944 Praed·
327 895 422 958 quem
442 860 594 942 4444444444
621 873 811 938 Guilelmum
831 873 870 935 de
892 875 924 937 S.
977 883 1008 939 et
1025 878 1234 940 crudelitatem
1252 877 1381 940 loenoris
1398 878 1453 940 An.
1469 877 1545 940 4444
1562 895 1590 956 p.
1611 877 1685 941 4433

195 975 306 1036 Amore
325 975 405 1036 circa
427 973 486 1034 nn.
508 971 588 1034 tuit
612 986 665 1049 pro
683 969 925 1032 defensione-re
978 987 1041 1049 seq.
1064 971 1151 1034 4436.
1177 970 1319 1034 Edictum
1347 978 1452 1034 contra
1478 987 1585 1032 usuras
1612 972 1686 1031 inter

196 1067 348 1149 guterium
374 1063 616 1128 mendicantium
638 1065 724 1126 aiunt
745 1063 939 1142 scripsisse,·
977 1063 1166 1150 Christianos
1180 1063 1238 1127 4444.
1258 1065 1335 1128 4442
1349 1081 1414 1146 pag.
1431 1063 1518 1128 4437.
1531 1063 1686 1126 44444444-

196 1161 353 1240 sigeberto
364 1157 581 1222 Gemblacensi
595 1164 627 1218 ot
645 1159 748 1220 nescio
766 1172 828 1236 quo
845 1152 926 1216 Gon·
978 1159 1153 1221 stitutiones
1171 1157 1227 1220 4444.
1248 1159 1320 1222 taor
1343 1175 1409 1239 pag.
1428 1159 1514 1222 4438.
1531 1157 1687 1221 Confirma-

193 1253 287 1318 nudio
307 1251 439 1316 laudatis
460 1251 651 1326 auctoribus,
672 1267 743 1313 cum
767 1265 824 1310 nec
844 1247 926 1310 Gen·
978 1255 1021 1314 444
1032 1252 1257 1332 privilegiorum
1274 1253 1551 1314 Ecclesiastioorom
1563 1249 1686 1315 44247

194 1347 307 1417 nudius
329 1362 385 1407 nec
417 1344 594 1424 sigebertus
615 1345 683 1405 eius
706 1359 837 1421 usquam
862 1357 927 1402 me·
980 1363 1048 1429 pag.
1065 1346 1154 1409 4444.
1184 1346 1286 1408 iacobi
1304 1346 1442 1408 4444444
1473 1343 1609 1407 ludovici
1635 1346 1686 1407 lli.

194 1443 336 1518 miqerit,
368 1441 418 1502 vel
449 1446 573 1518 pmpter
603 1443 739 1500 aetatem
772 1436 928 1516 potuerint
981 1445 1163 1504 Francorum
1179 1441 1269 1521 [tegis
1284 1440 1341 1502 Aa.
1359 1439 1439 1503 4248
1456 1457 1484 1519 p.
1507 1438 1581 1502 4444
1603 1440 1685 1500 4444.

195 1537 382 1598 meminisse.
404 1535 509 1612 ltaque
539 1535 647 1594 morito
680 1537 854 1610 suspectus
879 1533 928 1589 est
981 1538 1136 1616 Responsa
1153 1534 1193 1596 ad
1220 1534 1327 1595 vicarii
1350 1535 1580 1594 Ruscinonansis
1600 1549 1687 1611 quae·

193 1629 326 1695 lacobus
346 1628 396 1690 bic
430 1626 539 1688 tanobo
571 1626 677 1698 044444
702 1633 784 1687 totn-
808 1625 831 1684 l·
852 1623 928 1684 itri-
980 1631 1096 1690 stiones
1112 1627 1168 1689 An.
1195 1628 1275 1690 4244
1297 1644 1364 1708 pag.
1393 1625 1480 1690 4447.
1495 1622 1551 1686 llis
1564 1624 1685 1687 addendi

195 1730 273 1802 ptor.
303 1722 524 1786 Dominioanor.
545 1737 611 1800 pag.
635 1721 704 1781 384.
743 1717 831 1798 Apud
862 1718 926 1780 Nic.
979 1725 1119 1802 quicum
1141 1721 1214 1782 loris
1230 1726 1257 1799 4)
1275 1723 1358 1798 regni
1375 1721 1544 1800 Aragonum
1563 1717 1596 1780 l.
1610 1715 1684 1781 4424

196 1816 344 1895 Toppium
359 1831 431 1894 pag.
443 1815 512 1876 444.
527 1813 603 1876 Bibl.
616 1811 830 1892 Neapolitanae
841 1812 921 1872 alius
971 1815 1104 1878 iunctim
1121 1813 1210 1876 editis
1224 1815 1406 1876 exhibentur
1422 1815 1474 1874 lori
1485 1814 1565 1891 regni
1581 1811 1685 1892 drago

194 1913 288 1972 etiam
309 1925 393 1970 error
429 1909 537 1970 calami
564 1908 755 1970 aberratione
783 1906 904 1984 irrepsit
915 1939 926 1980 ,·
978 1925 1052 1970 num
1065 1911 1099 1970 in
1118 1907 1197 1972 Urbe
1213 1909 1310 1970 Oscae
1330 1907 1471 1969 celebrati
1495 1905 1580 1968 Anno
1601 1903 1682 1966 4447.

201 2004 286 2084 legas
307 2003 350 2067 ibi·
367 2003 449 2064 anim
477 2003 622 2088 iacobum
654 2001 737 2062 hano
766 2000 925 2078 scripsisse
977 2003 1091 2065 Omitto
1111 2003 1352 2066 Commentarios
1368 2001 1459 2062 444444
1473 1995 1568 2078 Regis,
1581 1997 1683 2075 quibus

198 2103 304 2160 contra
314 2098 492 2176 Magistrum
504 2095 690 2157 Guilelmum
702 2094 740 2155 do
752 2094 783 2156 S.
794 2093 922 2154 Victore.
977 2113 1080 2158 rarum
1111 2112 1167 2158 suo
1194 2103 1330 2178 tempore
1360 2098 1513 2174 gestarum
1527 2085 1681 2150 'historiam

237 2189 339 2254 *lion
367 2205 509 2252 asserens
536 2188 589 2250 sed
616 2190 791 2250 4444444444
813 2201 924 2246 censeo
977 2191 1155 2270 complexus
1174 2197 1242 2265 est,
1270 2189 1410 2270 vulgatos
1437 2179 1683 2247 valentinelli?

199 2285 368 2348 4444444444
386 2283 469 2345 huno
484 2281 630 2344 iacobum
647 2279 830 2359 Aquinatem
850 2278 925 2340 Oml.
979 2283 1028 2348 lol.
1041 2301 1101 2346 non
1116 2286 1198 2345 enim
1215 2285 1317 2345 Latina
1332 2277 1387 2343 sed
1404 2279 1561 2360 Hispanico
1575 2277 1685 2355 provin·

197 2377 301 2442 Praad.
319 2369 499 2456 expressum
526 2391 595 2437 esse
624 2391 663 2436 444
680 2376 720 2434 p,
745 2369 858 2434 iacobo
885 2371 923 2433 de
977 2379 1043 2440 ciali
1054 2379 1156 2456 lingua
1169 2377 1331 2440 vernacula
1341 2371 1685 2454 illoscomposuit,quan·

87 2529 94 2546 .
153 2525 155 2536 ·
199 2469 382 2550 lquisord.
401 2466 784 2545 FF·Pffi0‘¹·⁰1¹il¹St³it³i
802 2467 831 2525 ¹¹¹
849 2463 922 2526 Clid-
975 2481 1144 2551 quamnon
1159 2471 1307 2532 minorem
1321 2467 1429 2530 iisdem
1445 2483 1534 2547 quam
1551 2461 1681 2528 Caesaris

200 2565 381 2626 Taurioensi
409 2563 494 2626 Stet·
510 2559 591 2626 XIV·
615 2559 806 2624 4444140569·
827 2564 862 2620 tit
883 2575 922 2618 ex
976 2566 1203 2634 commentariis
1213 2563 1443 2643 fidemarerum
1455 2555 1684 2638 aragonensium
1709 2553 1710 2556 ’

201 2657 281 2720 edito
297 2657 432 2736 catalogo
449 2653 596 2718 discimus
612 2655 759 2732 scriptum
777 2651 868 2714 huius
884 2651 922 2710 tl'-
976 2660 1173 2741 scriptoribus
1190 2659 1293 2721 haberi
1311 2657 1427 2718 monuit
1445 2654 1584 2718 44444444
1597 2649 1684 2711 doto

202 2751 277 2812 tuli:
295 2747 436 2812 Secundo
447 2765 526 2830 porr
542 2745 708 2810 Gbroaiooe
720 2743 798 2807 iibri
816 2744 923 2824 444444-
976 2757 1044 2816 nius
1058 2761 1131 2816 tom,
1146 2755 1175 2815 2.
1192 2753 1266 2815 44444,
1286 2751 1401 2813 vereris
1413 2751 1563 2829 Hispanae
1578 2763 1605 2825 p.
1622 2741 1665 2801 49.

202 2843 250 2906 uis
266 2842 373 2906 Mundi
387 2841 561 2922 compilavit
575 2842 616 2903 F..
625 2837 757 2902 lacobus
773 2838 810 2902 de
825 2837 921 2919 4444444
1016 2847 1184 2912 44003445
1194 2845 1231 2909 de
1241 2847 1345 2908 Arena
1356 2847 1421 2906 sive
1436 2842 1472 2906 de
1489 2837 1687 2911 4444444444-

203 2937 276 3000 Otil-
292 2939 318 2998 F
320 2937 352 2998 F·
373 2937 481 2998 Primi·
497 2936 540 2998 od
560 2934 701 2998 40404444
714 2935 788 2996 Iesu
806 2930 924 2997 unisti
976 2931 1092 3005 mensis
1105 2943 1210 3018 iilius,
1228 2941 1330 3003 docuit
1341 2939 1456 3001 Patavii
1480 2938 1557 2998 cirea
1570 2931 1602 2993 44.
1614 2927 1685 2992 4344

204 3031 280 3094 Filii
298 3032 354 3092 Dei
377 3029 593 3109 omnipotentia
609 3033 639 3089 et
654 3027 728 3090 Ord.
749 3027 851 3090 suist
871 3043 921 3087 uo-
976 3040 1155 3116 praeceptor
1186 3033 1325 3097 aichardi
1353 3029 1553 3102 bialumbrae,
1574 3020 1684 3085 Oldradi

202 3122 270 3186 44448
280 3110 414 3186 44ίυῖ44444
422 3123 519 3203 444444
537 3118 737 3184 4044444Τᾶ444
746 3119 826 3182 “tide
837 3125 923 3181 444444
977 3131 1174 3207 aliorumque.
1187 3129 1315 3208 Scripsit
1326 3125 1358 3187 in
1368 3124 1490 3204 44444444
1505 3128 1536 3183 et
1549 3115 1683 3186 0444444444,

199 3217 269 3298 fuit.
286 3217 368 3280 llaec
380 3219 405 3277 si
420 3216 635 3281 admiserimus
649 3214 719 3277 huic
733 3213 834 3274 iacobi
849 3213 924 3274 scri·
977 3225 1266 3304 ppgpumpomgqup
1282 3222 1394 3282 papias
1414 3215 1450 3278 dp
1475 3207 1683 3278 eommunia}

202 3319 254 3391 1²¹⁰
268 3310 444 3375 4444θῦ44144
457 3311 515 3374 fiili
536 3317 575 3371 ‘0⁸
594 3309 672 3372 41444
673 3326 725 3371 ⁰¹¹¹
751 3323 805 3388 ΡΝ
821 3306 925 3369 defen·
979 3319 1044 3380 sive
1063 3318 1239 3380 ultimarum
1257 3312 1474 3378 executoribus
1492 3308 1683 3369 voluntatum:

202 3409 286 3468 sione
303 3405 486 3483 regidarium
504 3402 743 3468 mendicantium
756 3401 864 3480 dequo
875 3400 924 3464 blo
979 3411 1017 3473 da
1033 3405 1231 3493 positionibus
1248 3409 1277 3486 4)
1300 3411 1366 3470 sive
1388 3401 1635 3481 interrogatoris:
1652 3391 1685 3454 dc

202 3499 366 3560 Fabricius.
978 3505 1123 3586 experiris
1139 3522 1217 3586 quoe
1236 3502 1267 3564 io
1290 3500 1412 3564 iudiciis
1431 3497 1528 3580 444444,
1544 3493 1578 3556 de
1592 3505 1685 3570 44444

244 3591 294 3652 Ex
311 3590 368 3651 hoc
384 3590 486 3652 Jaoobi
500 3589 654 3668 Aquensis
676 3587 824 3650 Chronico
845 3603 873 3664 p.
894 3583 925 3646 2.
980 3595 1176 3660 strutionum
1204 3603 1234 3659 oi
1258 3595 1433 3677 sequestris,
1460 3589 1495 3653 aa
1518 3583 1684 3650 4444444444

202 3685 319 3762 accepti
346 3689 420 3745 sunt
445 3697 556 3744 vorsus
584 3680 720 3742 nonnulli
749 3681 787 3740 in·
806 3677 927 3740 laudem
982 3689 1177 3768 4040444444,
1192 3687 1421 3769 4444444444
1436 3679 1682 3749 nominaverant

202 3779 310 3858 Papiae
331 3775 402 3837 editi
421 3776 451 3838 iu
469 3775 646 3838 sanctuario
668 3774 804 3853 Pupiensi
825 3770 928 3834 iacobi
980 3785 1017 3865 pp
1039 3783 1274 3868 quaesumus,
1301 3782 1337 3845 de
1363 3779 1495 3843 cessim
1518 3769 1643 3838 Actione
1657 3775 1684 3830 et

203 3869 531 3934 aestumatum.
549 3886 575 3930 c·
593 3869 622 3931 2·
640 3869 692 3946 uui
708 3867 877 3927 carmanum
893 3864 928 3926 i·
981 3880 1091 3944 444444
1108 3881 1144 3944 ae
1157 3875 1409 3943 musaraneus
1421 3893 1457 3936 ac
1468 3867 1650 3934 asistamus
1659 3869 1685 3922 n

206 3967 309 4034 lorum¹
320 3963 481 4028 authorem
501 3965 551 4026 ila
571 3961 719 4040 designat.
741 3959 774 4020 F.
795 3955 929 4022 Jocabor
982 3975 1185 4056 mmmmm
1204 3971 1384 4036 444444οη444,
1405 3967 1479 4034 prpe
1504 3961 1685 4027 anthemium

206 4058 353 4140 aqueae
371 4056 621 4120 armenorum
636 4054 708 4118 ora.
726 4053 821 4118 amu
841 4051 930 4116 arca
982 4088 1010 4132 0.
1037 4073 1106 4134 444.
1132 4069 1220 4133 onia.
1245 4065 1444 4130 4444444444
1467 4063 1505 4124 44.
1532 4059 1569 4122 oo
1585 4063 1614 4116 er
1633 4053 1684 4114 444.

205 4171 346 4233 mim
361 4151 581 4233 (4444444ῑωῖ444
609 4147 808 4232 ‘'milam‘'
834 4147 930 4226 (14444-
983 4163 1172 4225 Comnenum
1193 4163 1225 4220 in
1245 4159 1370 4220 historia
1387 4149 1545 4233 Gymnasii
1565 4139 1684 4210 Patavini

207 4253 298 4312 tutum
314 4264 383 4310 4444
397 4243 597 4326 subsequenti
611 4261 709 4324 prosc
725 4242 771 4316 444
795 4239 933 4306 meminit
983 4254 1286 4336 pom,1‚pag,·493,
1313 4250 1469 4315 Edirinnes
1490 4244 1686 4325 plerorumque

208 4343 356 4406 4444444444·
423 4391 426 4398 ·
884 4371 889 4387 ·
984 4355 1169 4412 tractatuum
1200 4350 1269 4410 eius
1296 4347 1327 4408 in
1359 4344 1477 4406 Oceano
1495 4334 1575 4402 44444
1605 4337 1686 4408 atque

249 4437 374 4513 54444444
389 4442 475 4498 tenet
490 4434 578 4514 primi
593 4433 677 4510 regni
694 4431 783 4494 Picus
797 4429 849 4508 qui
863 4428 931 4493 aris

209 4529 281 4592 olim
298 4536 358 4590 etc.
561 4526 686 4604 [leliqua
704 4521 815 4586 ibidum
831 4523 924 4602 legas.
1024 4519 1052 4581 ⁸)
1067 4525 1103 4572 uo
1120 4521 1194 4572 blm
1208 4519 1270 4572 bris
1286 4515 1455 4579 4144444444
1471 4523 1501 4562 aa
1517 4506 1621 4560 44444414
1635 4505 1690 4550 tn·

438 4623 462 4684 ¹·
482 4625 546 4704 ³0¹
560 4617 733 4699 oreo
979 4583 1692 4733 44444444444444444444

213 4729 281 4774 rum
302 4715 405 4776 LXlll.
428 4715 496 4778 444444
512 4713 673 4793 imperium
694 4710 858 4774 delunolus
872 4709 928 4771 dn.
1024 4746 1051 4803 4)
1067 4745 1129 4798 m
1143 4747 1211 4809 md
1222 4747 1335 4794 „mm
1342 4745 1470 4794 „mm
1482 4733 1571 4800 44444,
1583 4733 1692 4780 saman

217 4805 301 4869 i27b.
322 4808 419 4872 Huius
449 4805 680 4874 comitatiores
713 4806 796 4895 paula
816 4810 848 4868 el
868 4808 927 4867 lle·
980 4823 1012 4872 dr
1028 4822 1189 4873 commissor
1205 4818 1429 4886 depositionibus.
