3624 5600
245 257 279 301 ra
298 243 401 299 autem
424 249 462 293 ex
478 229 582 291 Latino
599 227 691 287 vertit
707 225 886 306 intingam
906 225 968 288 hu·
1021 221 1195 286 scrutandis
1212 219 1321 300 priscis
1331 216 1521 295 scriptoribus
1532 213 1709 295 uhgmttaet

245 334 403 412 glicanam,
420 333 456 388 nt
471 319 706 403 Polychronium
720 319 873 400 Ranulphi
888 319 968 382 lili}-
1023 326 1108 379 mum
1131 314 1237 376 merito
1259 316 1347 398 cocat
1362 309 1494 374 Labbcus
1508 315 1576 370 tom
1593 309 1618 370 4.
1633 307 1709 371 des

245 425 354 496 best,
371 418 450 498 quud
472 433 572 495 usque
593 414 681 476 adh.
699 411 788 475 teet.
809 416 967 475 continua·
1021 412 1056 473 E.
1078 425 1145 489 pag.
1164 407 1234 470 223.
1249 407 1367 467 iconem
1379 403 1446 480 ejus
1459 401 1629 480 desumptam
1640 419 1710 476 uere,

245 521 306 591 vit,
327 513 470 591 adiuncto
501 511 593 570 etiam
629 507 667 566 de
699 506 896 566 translatione
918 505 967 567 illa
1023 511 1055 566 et
1074 501 1206 583 elogium
1228 499 1351 560 exhibet
1370 496 1543 558 Laurentius
1557 495 1708 556 crassost

244 611 375 686 Dialogo.
394 605 471 666 Tum
492 601 618 681 Anglice
640 598 731 658 vertit
752 613 845 657 sucro
864 591 967 658 schlin
1024 598 1063 670 2,
1079 611 1149 675 pag.
1168 594 1270 654 48444
1291 590 1418 652 referam
1436 603 1512 666 quae
1531 588 1558 646 iu
1579 585 1642 665 eiua
1656 586 1711 647 444-

109 705 112 708 ’
244 702 363 765 Veteris
379 705 410 761 et
422 698 499 760 Novi
521 697 603 755 Test.
622 690 812 769 absolvitque
826 691 909 752 illem
923 691 967 750 in·
1022 691 1092 752 dem
1112 701 1295 765 mugessere
1313 679 1496 744 ezuvinset
1515 679 1573 740 An.
1590 679 1708 740 448444.

245 793 493 874 terpretationcm
512 788 570 848 444.
589 783 676 848 teat.
697 783 772 844 Vide
793 783 831 844 de
852 782 901 844 illa
919 785 968 844 la·
1022 784 1071 846 22.
1092 777 1247 843 4444444444
1264 777 1353 836 wion
1374 781 1445 834 tom.
1459 773 1490 834 2
1509 772 1577 850 ligni
1595 772 1671 832 Vitae
1684 789 1707 850 p.

245 889 310 949 cobi
332 885 423 963 Longi
454 881 671 966 bibliothecam
704 893 822 938 sacram
844 893 873 954 p.
896 877 964 938 345.
1024 877 1095 939 784.
1109 873 1240 935 Thomas
1254 871 1331 947 Pcpe
1345 867 1495 928 Bionntin
1510 864 1635 925 Censura
1648 865 1711 924 acri·

245 980 317 1041 edit.
338 979 419 1056 lips.
440 976 539 1038 Vertit
559 976 716 1050 praeterea
747 968 966 1031 attracto
1021 977 1143 1050 piorum
1161 981 1228 1046 pag.
1244 961 1312 1024 4488
1327 961 1444 1022 hierna.
1459 957 1591 1018 Ghilinus
1604 963 1669 1016 4444.
1684 959 1708 1018 4.

245 1071 367 1134 timuit
381 1070 432 1150 ‚be
446 1063 601 1128 Giuooillc
620 1063 666 1141 ide
688 1079 747 1140 quo
762 1064 962 1141 supraema
1021 1062 1131 1124 theatri
1150 1061 1289 1119 virerum
1308 1049 1451 1114 eruditor.
1473 1067 1538 1129 pag.
1557 1051 1602 1110 94.
1619 1049 1709 1108 444444-

246 1181 315 1245 pag.
339 1161 427 1236 487.)
449 1159 485 1219 de
501 1153 742 1240 proprietatibus
760 1171 878 1215 rerum.
894 1155 969 1216 Gaa-
1021 1171 1078 1218 cna
1099 1151 1284 1214 Wartbonus
1304 1146 1341 1210 ad
1360 1147 1495 1208 Gnaeum
1515 1141 1550 1203 444
1567 1141 1597 1203 S.
1610 1142 1642 1202 44.
1656 1140 1708 1200 ahi-

246 1267 314 1319 4444
336 1257 431 1335 ipsine
448 1255 590 1331 scriptae
608 1249 698 1310 Baleo
714 1250 778 1310 vlt.
796 1249 843 1310 48.
859 1255 892 1308 44
908 1249 969 1308 rit-
1023 1245 1132 1327 queit
1152 1245 1265 1322 blagiae
1285 1241 1428 1307 4444444444
1441 1235 1520 1316 tlttd
1539 1235 1565 1295 ti
1584 1234 1709 1308 4444444144,

247 1367 301 1412 seo
319 1365 349 1428 p.
372 1345 440 1408 567.
457 1347 623 1407 memorata
646 1348 739 1403 sunt:
759 1341 855 1402 Gesta
867 1337 968 1418 ‘Regis
1020 1342 1143 1401 Wiarus
1154 1381 1163 1414 ,
1180 1335 1314 1398 bodinus
1332 1338 1366 1392 et
1386 1329 1480 1392 4444444
1501 1321 1650 1388 ’.4444444444
1663 1328 1711 1386 444-

248 1442 383 1504 hrthuri.
409 1437 576 1516 Descriptio
596 1435 786 1507 Britanniae,
808 1433 967 1493 Hiberniae
1022 1437 1147 1514 pingere
1167 1426 1334 1500 auctrici,
1354 1424 1438 1485 444444
1465 1436 1535 1482 eum
1562 1418 1709 1478 4444444444

251 1535 415 1614 descriptio
432 1537 463 1593 ct
476 1529 514 1590 de
533 1526 776 1588 memorabilibus
786 1531 968 1602 temporum.
1027 1541 1106 1606 quac
1123 1521 1242 1584 Gabriel
1254 1517 1411 1581 Nabdates
1427 1517 1455 1574 iu
1473 1511 1600 1594 apologia
1613 1526 1661 1588 pro
1675 1512 1712 1569 ri-

290 1625 459 1688 JOANNES
494 1618 650 1692 7444444444,
671 1619 769 1698 patria
800 1618 900 1703 lingua
933 1614 971 1676 da
1024 1622 1068 1680 444
1081 1617 1179 1678 dumis
1191 1613 1302 1692 ttagim
1316 1610 1464 1672 accusatis
1479 1606 1597 1674 monui,
1607 1609 1709 1680 atquae

254 1715 554 1793 nilehvemnglua
567 1759 574 1788 ‚
589 1712 678 1791 cujbs
693 1709 844 1772 Chronica
865 1707 901 1770 de
921 1725 971 1769 rs·
1025 1714 1092 1792 ipso
1111 1715 1166 1789 pro
1187 1722 1221 1768 ae
1247 1708 1278 1766 iu
1307 1698 1450 1782 napinam
1467 1714 1533 1778 pag.
1553 1695 1624 1758 test
1641 1694 1709 1754 etin

254 1809 310 1872 bae
329 1806 464 1888 ,44944444
496 1811 642 1866 memorat
674 1805 792 1864 Pitseus
811 1817 881 1880 pag.
901 1801 971 1862 888.
1021 1799 1225 1867 vindicatione
1249 1795 1398 1858 4444444444
1417 1787 1490 1856 Cur.
1510 1785 1662 1872 coptiten,
1685 1787 1709 1844 44

251 1901 383 1964 Ananim
404 1897 548 1962 4444444444
565 1897 606 1956 44.
628 1899 780 1972 innuens,
800 1910 879 1972 qous
897 1911 970 1956 curn
1025 1896 1195 1975 anthologia
1223 1889 1386 1971 Epistolica
1415 1883 1566 1947 4444444444
1594 1878 1648 1940 Viri
1670 1879 1707 1936 lu.

252 1997 372 2058 henrici
393 1991 563 2056 etauctorci
583 1990 734 2052 Chronico
754 1986 888 2052 edendos
905 1985 968 2066 jam
1025 1985 1233 2066 christophori
1262 1982 1358 2046 Galeri
1385 1992 1452 2058 pag.
1473 1978 1504 2038 tt
1529 1991 1590 2052 seq.
1609 1971 1709 2050 Lipsiae

251 2089 308 2150 Aa.
327 2087 415 2150 tina.
436 2087 468 2146 in
495 2101 529 2145 44
558 2083 694 2160 suscepit
721 2081 755 2142 V.
785 2083 817 2143 G.
840 2081 971 2140 Thomas
1025 2083 1116 2154 4745,
1126 2083 1156 2140 8.
1170 2080 1255 2144 Circa
1270 2074 1436 2153 antiquiora
1449 2076 1577 2147 tempure
1589 2062 1711 2126 sancho

166 2210 169 2215 ·
248 2183 377 2242 4444444.
398 2177 531 2239 Praeluit
552 2174 714 2237 Eduardua
736 2173 772 2234 44.
791 2175 855 2235 ilex
875 2172 914 2234 ab
934 2171 970 2233 Α.
1025 2193 1081 2238 nor
1103 2170 1184 2252 apud
1202 2165 1403 2230 trithemium
1431 2175 1548 2241 quoque
1565 2149 1708 2237 promptu

250 2273 329 2336 4308
351 2269 516 2331 td·i326·'
1024 2269 1106 2331 nlius
1125 2264 1235 2326 aetatis
1254 2277 1314 2321 nun
1336 2273 1402 2320 raro
1431 2261 1479 2316 est
1503 2251 1623 2324 tabulis,
1640 2243 1709 2307 4444

261 2375 267 2382 ”
290 2363 356 2423 Non
369 2360 585 2423 indictusmihi
599 2361 677 2420 inter
687 2361 874 2420 tuticsunes
885 2373 971 2437 prae-
1025 2361 1122 2422 444444
1140 2369 1269 2418 censura
1286 2353 1319 2415 G.
1335 2351 1367 2412 S
1384 2341 1613 2411 Schnrnheisebii
1624 2340 1708 2417 Epist.

251 2454 419 2516 terenndua
448 2459 497 2513 est
526 2451 697 2512 JOANNES
716 2453 970 2525 inlinentes,
1023 2456 1064 2516 88
1084 2460 1116 2513 44
1135 2449 1207 2512 bit.
1221 2449 1282 2509 Urio
1299 2457 1399 2505 4444444
1417 2435 1565 2518 calopodio
1583 2430 1709 2504 44444448

251 2551 299 2610 cui
315 2563 435 2626 mecum
448 2552 513 2607 tam
529 2545 625 2605 multa
639 2542 751 2604 debent
763 2550 795 2605 et
808 2543 971 2619 debebunt,
1022 2547 1081 2608 hec
1094 2549 1143 2604 ast
1157 2539 1264 2602 iisdem
1275 2551 1409 2615 aequare
1424 2529 1560 2594 lacubus
1576 2539 1645 2605 quet
1658 2523 1711 2583 4444

252 2647 400 2720 quotquot
421 2639 580 2699 Historiam
607 2637 781 2698 litterariam
807 2643 878 2716 post
898 2653 968 2698 euni
1022 2639 1085 2710 dat,
1101 2634 1188 2696 video
1205 2631 1319 2694 moueri
1336 2629 1366 2688 in
1383 2616 1710 2706 epnuymotngioocritun

248 2739 382 2800 ¹tractare
393 2731 442 2792 vel
452 2729 669 2811 aggredientur
679 2731 727 2790 vel
742 2731 876 2808 aggressi
887 2738 969 2790 aunt.
1024 2731 1132 2792 Tobiae
1142 2727 1254 2806 ltogiri,
1263 2727 1442 2802 poteratque
1453 2715 1519 2778 addi
1533 2726 1645 2789 semper
1658 2709 1711 2768 4444·

251 2828 305 2888 4444
327 2826 414 2886 nubis
434 2823 604 2885 Gesnernm
627 2820 732 2898 dedit,
753 2821 844 2900 cuius
863 2823 971 2884 Biblio-
1027 2817 1307 2885 daselnthcmium
1319 2814 1460 2886 libenter,
1474 2813 1507 2868 ot
1521 2799 1712 2868 4444444υά444

251 2919 456 2992 thecae,liber
473 2915 629 2978 Trithemii
646 2915 971 2994 de-ScriptoribusEe-
1026 2913 1160 2976 stndinm
1181 2912 1362 2988 scriptorum
1382 2917 1459 2980 quos
1479 2899 1584 2960 4444444
1600 2893 1625 2954 id
1643 2887 1712 2970 quod

250 3013 431 3075 elesiasticis
458 3016 542 3071 totns
568 3011 722 3083 insertus,
740 3009 853 3086 primas
874 3008 969 3068 lineas
1024 3009 1112 3086 longo
1133 3003 1204 3066 mihi
1229 2987 1349 3062 ridetur
1376 2995 1500 3073 aequius
1522 2993 1555 3052 ct
1580 2993 1712 3068 4444444444

251 3105 377 3166 44444444
388 3104 496 3164 merito
506 3107 556 3162 est
566 3100 801 3162 existimandus.
818 3100 895 3177 Ejus
908 3101 970 3161 Viri
1024 3103 1132 3180 ignavo
1154 3100 1329 3176 ingratoque
1349 3089 1484 3162 silentio,
1502 3083 1549 3143 vel
1564 3079 1667 3142 uoerbis
1683 3079 1711 3135 et

249 3203 297 3258 tet
314 3202 387 3258 aunt
402 3196 493 3257 etiam
511 3196 540 3254 in
554 3189 713 3256 Historiam
726 3193 854 3256 civitem
871 3193 971 3254 44444-
1023 3191 1196 3254 inhumanis
1210 3181 1526 3264 insignisquaettomm
1541 3172 1713 3234 4444444444-

251 3291 461 3364 clesiasticam,
472 3285 838 3365 Germaniae-praesertim
849 3291 970 3346 nostroe
1024 3301 1084 3364 que
1094 3281 1259 3343 invectivis
1272 3279 1301 3338 in
1311 3291 1367 3338 ees
1382 3273 1432 3351 qui
1447 3287 1499 3350 pro
1515 3266 1589 3328 ninii
1604 3255 1715 3324 scitis

252 3384 380 3455 merita,
402 3388 438 3441 ut
458 3381 535 3457 grati
556 3379 612 3440 hoc
632 3395 703 3439 eum
726 3379 818 3438 animi
839 3379 971 3438 officium
1026 3379 1087 3438 nati
1110 3380 1183 3436 suut
1202 3367 1315 3450 aliquit
1342 3363 1530 3429 malemein
1557 3351 1713 3418 commis

252 3479 407 3550 praestare
436 3474 527 3533 velim
555 3473 705 3545 libenter,
727 3473 971 3548 scriptorumque
1026 3485 1103 3533 nens
1121 3467 1270 3528 4444444444
1284 3507 1291 3540 ,
1305 3467 1336 3522 et
1352 3457 1493 3538 4444444444
1513 3454 1576 3515 silis
1594 3451 1652 3509 4444
1670 3461 1715 3504 44·

252 3563 320 3640 ejus
331 3566 467 3625 notitiam
478 3566 599 3643 plenius
616 3569 708 3640 atque
729 3565 900 3624 accuratius
913 3569 972 3623 tra·
1023 3575 1171 3651 qusquam
1203 3555 1321 3633 irrjnria.
1347 3545 1572 3627 Gommpeurlo
1590 3539 1713 3609 numine,

253 3656 334 3717 dere.
346 3655 463 3717 Nomen
480 3659 507 3716 ei
519 3673 537 3716 a
549 3657 624 3716 villu
639 3652 848 3729 trittenheim,
866 3656 973 3715 Trevi-
1026 3656 1145 3734 quoties
1165 3649 1204 3712 tle
1223 3647 1376 3710 4444444444
1396 3639 1587 3720 scriptoribus
1604 3631 1716 3694 44444444-

257 3750 357 3808 rensis
376 3747 525 3808 dioecesis
545 3746 582 3808 ad
603 3746 755 3806 Mosellam
778 3747 907 3807 fluvium
921 3791 928 3818 ,
941 3749 971 3807 in
1025 3765 1095 3808 nem
1117 3745 1190 3806 lucit
1205 3785 1212 3810 .
1229 3743 1323 3801 toties
1344 3739 1404 3798 lere
1424 3747 1543 3813 pectant
1559 3727 1714 3805 4444444444

251 3857 323 3918 qua,
337 3845 423 3919 patra
434 3841 550 3900 icauna
562 3837 706 3900 delicate
718 3837 971 3918 illideubergaire
1026 3837 1157 3902 4444444444
1175 3852 1240 3914 cup.
1253 3832 1322 3894 eto.
1333 3845 1393 3908 quo
1408 3829 1476 3888 Viro
1496 3823 1591 3884 4444444
1608 3832 1643 3878 un
1659 3813 1716 3891 ‘1⁰⁵‘

251 3932 551 4011 Heidenberglnatus
564 3930 676 3993 4444444
700 3933 787 3994 itte.
801 3933 863 3997 Gal.
882 3934 970 3994 Febr.
1025 3927 1133 4011 squam
1156 3927 1341 4006 frequentior
1361 3927 1408 3984 est
1433 3921 1464 3979 in
1489 3905 1715 3978 terminantis

251 4025 327 4087 inde
340 4025 506 4087 Monachus
516 4023 589 4085 Ord.
600 4024 750 4088 Recedet
761 4027 969 4089 moxhtitt.
1025 4019 1389 4095 looornmhominnnrqne
1401 3997 1713 4073 comminatoriis

163 4133 170 4144 ·
251 4119 354 4180 Abbas
371 4118 402 4179 S.
420 4119 537 4180 hiartini
555 4117 806 4197 spanhemensis,
822 4117 980 4182 dioecesis.
1025 4117 1063 4178 444
1084 4105 1230 4176 44444444
1251 4111 1373 4170 Notium
1393 4091 1714 4180 lihthqisttttri

250 4213 455 4291 longamines,
466 4211 597 4288 denque
618 4215 780 4290 postremis
796 4213 901 4274 decem
918 4229 972 4274 au·
1025 4211 1160 4271 themius
1176 4225 1183 4264 :
1199 4199 1337 4283 Ampliat
1351 4213 1441 4279 quum
1459 4193 1517 4255 uuo
1532 4187 1625 4252 etin
1641 4180 1713 4246 cott-

252 4307 301 4365 nis
317 4306 419 4368 Abbas
436 4304 466 4366 S.
481 4303 581 4365 iacobi
596 4303 675 4382 apud
693 4305 873 4383 herbipolim
889 4303 969 4366 diem
1024 4297 1140 4364 minaei
1161 4301 1249 4376 (444444
1276 4296 1329 4354 rix
1349 4289 1438 4353 XLVI
1459 4281 1628 4364 emensa)
1646 4275 1714 4336 lali·

251 4396 325 4458 obiit
341 4397 401 4460 hu.
417 4400 506 4462 itit.
524 4397 567 4460 lle
581 4399 643 4458 vita
657 4402 690 4458 et
703 4399 778 4458 actis
792 4395 973 4474 nicetem
1026 4409 1155 4469 numm,
1182 4391 1384 4460 Graecorum,
1412 4380 1629 4448 liebraicururni
1650 4365 1714 4428 iiie

254 4490 341 4550 uicon
360 4492 591 4570 spanhemensa
605 4490 642 4552 ad
660 4490 717 4584 444.
737 4489 834 4565 4483,
855 4508 883 4570 p.
903 4489 971 4552 894.
1025 4487 1193 4548 chronicon
1225 4478 1469 4560 Spbanhemense
1489 4487 1552 4551 pag.
1572 4467 1635 4527 395.
1654 4459 1714 4521 444.

251 4585 285 4638 44
305 4581 341 4640 ad
363 4597 459 4644 annos
480 4591 645 4663 sequentes
665 4585 823 4643 xx111.iiir
843 4584 971 4645 eximiae
1026 4596 1084 4640 aun
1104 4574 1280 4656 vulgarium
1297 4586 1350 4631 nec
1367 4568 1577 4646 impressorum
1597 4560 1714 4641 44444444,

254 4677 387 4732 staturae
408 4681 439 4734 et
459 4678 548 4738 valde
570 4678 724 4738 humanus
745 4675 856 4738 dicitur
869 4676 970 4738 allel-
1025 4668 1348 4736 eedrurrisimnroru,
1369 4666 1404 4721 444
1422 4657 1481 4720 seis
1501 4647 1714 4729 semetsemet

252 4761 354 4824 chiure
374 4763 483 4828 Adami
507 4771 537 4828 in
563 4770 632 4830 Vita
656 4770 746 4834 Gonr.
768 4769 917 4831 Pollicem.
938 4771 968 4828 in
1025 4770 1087 4844 cst,
1107 4768 1199 4840 utque
1219 4755 1401 4836 scepturum
1422 4748 1534 4814 column
1548 4761 1611 4808 44444
1624 4737 1715 4801 rnou'r
