3562 5582
715 83 866 148 nuso
1475 98 1532 162 m,

68 199 209 280 quinqua,
231 211 297 276 pag.
320 195 368 258 94.
385 195 551 274 Epistulam
572 192 610 254 ad
624 193 768 256 loannem
821 194 990 258 doscelicon
1008 197 1151 277 liuponic
1168 199 1254 277 444434
1270 200 1308 260 444
1326 199 1423 264 tribus
1445 195 1538 270 444444-

68 288 283 374 nummum,
305 304 382 368 quae
402 287 452 348 lib.
476 289 502 348 4.
533 303 598 367 cap.
625 287 673 348 86.
699 303 767 366 pag.
821 289 919 365 444444,
942 287 1036 364 Fide,
1067 291 1130 369 Spe
1152 299 1184 352 et
1209 292 1372 355 charitate.
1405 295 1541 376 Eoeponit

69 385 125 448 449.
141 383 268 462 4434444,
289 399 328 444 444
353 381 411 450 448.
428 380 508 443 444444
536 397 553 442 4
582 381 707 444 84444444
728 379 765 442 ad
820 381 909 444 4444444
919 380 1067 444 4444444444
1080 399 1216 446 ammone
1230 388 1373 466 Regulam
1386 389 1419 448 44.
1435 393 1539 452 Patris

66 467 282 540 4444444436.
302 492 331 536 4.
346 474 425 536 xvi.
622 531 625 538 ⁴
821 475 918 538 nostri
929 477 1110 556 Augustini:
1131 483 1163 538 et
1181 477 1276 540 multa
1300 479 1364 542 4444
1378 483 1538 562 serpente

97 573 137 634 lle
151 571 210 632 filia
226 568 335 649 lephte
352 573 519 646 tractatus,
534 583 601 648 pag.
618 569 695 644 389.Ι
820 567 940 630 decimor.
958 568 1064 633 Sedet
1088 569 1243 650 3444444444
1265 573 1430 653 Epistulam
1445 578 1541 656 proti*

12 679 14 696 ’
98 665 256 745 Speculum
273 663 311 724 de
333 663 488 741 mysteriis
508 661 682 737 Ecclesiae,
699 677 766 741 pag.
820 679 897 723 mom
910 660 1016 724 scribit
1036 663 1073 724 ad
1098 667 1129 724 B.
1145 665 1341 728 bernardum.
1353 667 1540 731 Dicant'enm

12 743 14 768 ’
65 758 122 822 338.
138 758 225 838 longe
236 756 366 836 iunioris
383 756 542 834 scriptoris
557 752 658 832 judice
674 753 768 819 04444-
820 761 924 816 natam
938 754 1035 837 4444444
1052 755 1087 818 de
1103 757 1252 820 Samonia
1276 761 1381 823 ilUGO
1398 763 1543 844 vcropui

63 869 112 928 no,
126 869 220 930 quem·
233 849 303 911 vida
317 855 390 910 tom.
406 847 435 910 8.
451 865 480 929 p.
502 847 591 910 4467.
607 864 672 927 seq.
820 848 943 929 scripsit
956 851 995 912 de
1011 852 1115 912 avium
1134 859 1240 914 natura
1255 853 1412 916 moraliter
1429 863 1458 917 et
1469 856 1540 918 alle-

97 947 136 1006 444
156 945 342 1020 cerimoniis,
371 942 575 1004 sacramentis
604 947 635 1002 et
663 941 767 1003 officiis
818 943 933 1021 parics,
951 949 981 1006 et
995 943 1032 1004 de
1047 945 1181 1006 claustro
1196 950 1329 1020 animae,
1346 954 1378 1010 et
1391 949 1430 1010 de
1448 949 1541 1012 medi-

64 1039 282 1109 Ecclesiasticis,
299 1037 366 1098 libri
377 1037 404 1098 3.
418 1054 448 1115 p.
461 1035 530 1100 386.
541 1031 666 1096 lieberto
680 1033 768 1097 94444-
820 1038 887 1098 cina
904 1040 1022 1100 animae
1031 1035 1118 1119 ,fait
1132 1037 1168 1099 dc
1184 1038 1296 1101 Ordine
1316 1043 1540 1112 Prasmonstra·

62 1131 148 1194 44440
173 1131 352 1194 tribuuntur
368 1131 400 1196 in
424 1127 534 1194 Codice
558 1129 618 1190 448.
640 1129 767 1209 844344-
819 1133 908 1205 tensi,
925 1136 961 1192 444
975 1129 1087 1192 44444444
1106 1132 1283 1196 conannas.
1305 1135 1421 1198 Tertius
1435 1138 1540 1200 llUGG

63 1227 197 1287 manensi.
400 1252 407 1264 ·
820 1223 875 1303 qni
888 1223 1172 1306 scripsitminarem
1185 1229 1431 1292 Ecclesiasticam
1445 1233 1541 1294 llisto·

12 1301 14 1366 4
93 1319 131 1381 444
147 1335 263 1380 canona
285 1317 406 1397 mystici
431 1316 600 1393 libaminis,
624 1315 766 1390 libellus,
821 1319 916 1394 riam,
931 1316 973 1380 od
989 1318 1181 1382 comitissam
1199 1321 1386 1403 Campaniae
1401 1323 1541 1403 Adclam,

61 1431 117 1492 pag.
93 1413 200 1474 399.
223 1412 298 1475 Vide
315 1411 414 1488 44444,
431 1408 627 1473 JOllANNES
650 1409 767 1473 Cornu-
820 1417 949 1472 matrem
966 1412 1091 1475 Comitis
1108 1411 1265 1476 theobaldi
1271 1415 1359 1497 ,44444
1373 1417 1467 1496 Niger
1482 1422 1544 1482 444-

12 1503 167 1567 ’44444444
196 1505 267 1568 Tria
298 1506 447 1568 hactenus
469 1499 621 1566 'recensita
656 1506 767 1582 scripta
820 1503 938 1568 nacbns
951 1507 1169 1583 Floriaoensis,
1186 1507 1369 1572 massas.
1386 1511 1541 1574 8444444444

12 1653 13 1658 ,
12 1601 168 1661 4444444
180 1600 278 1662 etiam
294 1601 375 1662 44444
391 1601 553 1664 4444444444
564 1597 601 1660 de
612 1597 766 1661 Ecclesiae
820 1613 915 1678 snper
926 1598 1070 1678 84344444
1081 1597 1255 1663 4444444444
1265 1601 1478 1666 Aurelianense
1494 1607 1546 1667 Ex

62 1690 218 1755 Catholicae
231 1694 350 1755 Divinis
366 1692 489 1767 Officiis,
506 1693 590 1776 Rom.
609 1693 697 1756 4894.
716 1693 765 1756 444.
819 1691 876 1753 hoo
892 1691 1022 1755 alberici
1037 1695 1101 1756 loco
1118 1702 1204 1775 patet
1222 1695 1281 1758 44444
1299 1695 1453 1760 Oudinum
1467 1701 1545 1778 ,qui

12 1769 278 1849 ctinBiblioth
298 1787 421 1850 Petrum
438 1791 520 1847 torno
538 1769 566 1847 Χ
582 1788 677 1848 Paris.
818 1781 890 1846 tom.
908 1786 1011 1866 apag.
1040 1788 1108 1851 489.
1134 1803 1203 1850 esse
1226 1787 1367 1851 Ghronioi
1389 1800 1545 1853 auctorem

12 1847 14 1956 4
93 1881 229 1961 Dialogus
246 1880 283 1943 de
300 1880 516 1944 sacramentis
521 1879 596 1960 legis
618 1867 765 1942 naturalis
818 1886 909 1958 nogat
925 1879 1081 1959 llugonem
1098 1881 1305 1958 Victorinum,
1321 1882 1457 1964 illudque
1479 1885 1544 1946 Flo-

62 1980 87 2034 44
100 1978 247 2055 scriptae,
263 1977 330 2056 pag.
350 1975 418 2036 448.
817 1974 948 2034 44444444
969 1971 1205 2037 adscribendum
1226 1991 1296 2036 ease
1316 1975 1481 2037 contendit.

93 2069 213 2130 Summa
243 2067 457 2131 connubiorum
488 2069 554 2128 siva
577 2067 764 2132 traditionis
856 2065 961 2128 llUGO
980 2063 1017 2127 de
1037 2066 1147 2128 74444444
1156 2083 1301 2146 „supra
1326 2071 1413 2149 444434
1443 2069 1481 2132 de
1509 2072 1541 2133 8.

64 2157 259 2242 4444434444,
286 2175 404 2241 septem
426 2162 606 2226 tractatibus
628 2179 763 2244 compre·
817 2158 907 2222 Coro.
918 2160 1148 2223 Videtacohum
1159 2161 1296 2234 Quetitt.
1309 2165 1337 2225 4.
1349 2181 1379 2242 p.
1393 2163 1460 2224 498.
1473 2165 1543 2225 499

62 2252 140 2316 hensa
154 2271 317 2334 ,quorum
337 2261 397 2316 444.
569 2281 572 2288 ·
857 2251 1541 2337 uuu0.t¹traommu,supra,r1oqosb

91 2349 206 2411 Primus
223 2347 262 2410 de
276 2348 361 2423 Fide,
378 2351 457 2430 Spe,
473 2355 505 2412 et
521 2323 684 2430 charitate,
701 2352 765 2412 Tri-
817 2345 1020 2424 4444444448,
1033 2355 1064 2409 44
1084 2349 1171 2428 liupo
1191 2347 1397 2429 tinponensrs,
1419 2367 1489 2414 nam
1511 2358 1544 2412 et

63 2443 160 2519 444444,
177 2448 213 2504 44
228 2444 457 2519 incarnatione,
475 2461 542 2525 pag.
560 2443 628 2506 447.
820 2442 845 2500 44
872 2427 1051 2519 Episcopatu
1075 2441 1241 2504 destitutus
1265 2443 1302 2504 ad
1334 2443 1542 2510 virdunenses

91 2535 245 2598 Secundm
259 2533 297 2598 de
310 2540 461 2598 creatione
474 2543 506 2598 at
517 2543 600 2600 statu
613 2537 765 2618 angelicae
818 2532 979 2595 idonachcs
999 2551 1033 2594 se
1053 2536 1220 2598 contulisse
1240 2535 1387 2600 dicituro

63 2635 172 2693 naturae
184 2645 276 2710 ,.pag
292 2631 359 2692 438.
859 2627 964 2689 84480
980 2625 1132 2707 Virleyns,
1154 2645 1255 2708 supra,
1272 2631 1357 2711 84434
1377 2632 1546 2714 Verotegns.

90 2723 205 2786 Tertius
222 2721 261 2784 de
276 2724 428 2786 creatione
452 2730 484 2786 et
510 2729 593 2786 statu
615 2715 765 2812 humanae
859 2719 965 2783 444480
983 2721 1049 2781 sive
1073 2719 1133 2781 Udo
1150 2720 1187 2782 444
1206 2723 1318 2784 Vetonio
1330 2727 1408 2803 ,qui
1425 2729 1546 2804 scripsit

64 2822 174 2880 naturae
184 2834 244 2897 ,p
258 2809 331 2879 t'bb.
821 2813 850 2872 44
871 2813 1047 2890 Psalmum,
1068 2813 1219 2877 btisererc
1237 2817 1298 2878 mei
1316 2818 1437 2893 illitis,
1459 2821 1546 2888 444-

94 2911 223 2984 0444444
238 2911 278 2974 de
294 2911 532 2975 sacramentis
524 2927 555 2972 44
580 2927 712 2992 344444,
733 2919 771 2973 44
819 2905 892 2967 coho
913 2908 1015 2986 Longo
1036 2919 1105 2986 pag.
1125 2907 1195 2969 rab.
1224 2910 1425 2973 Bibliothecae
1455 2913 1546 2974 844444-

63 3007 218 3084 praeceptis
232 3005 372 3080 Divinis,
389 3023 457 3086 pag.
473 3006 542 3068 483.
818 3015 871 3060 444
892 3003 1065 3080 exegeticus
1086 3001 1216 3064 hahetur
1232 3002 1365 3083 Anglus,
1378 3007 1547 3068 8444444444-

90 3097 217 3168 Quintus
230 3097 269 3158 de
281 3099 476 3160 Sacramenta
484 3101 639 3180 Baptismi‚
651 3119 680 3180 p,
697 3101 764 3162 458,
819 3109 897 3169 4448,
918 3093 1100 3174 'theologiae'
1118 3091 1229 3156 Ductor
1249 3095 1432 3160 oxoniensis
1453 3105 1545 3178 atque

92 3191 199 3254 Sextus
227 3189 266 3254 de
289 3193 485 3256 Sacramenta
502 3193 764 3269 confirmationis,
819 3186 996 3250 Gardinalis.
1018 3187 1058 3249 ht
1079 3188 1208 3250 44444444
1230 3188 1310 3251 idem
1330 3207 1401 3254 cum
1423 3193 1547 3272 liugane

59 3281 254 3348 Eucharistiae
269 3331 277 3364 ,
294 3286 519 3364 844444444444,
547 3293 578 3349 44
602 3288 764 3349 Extremae
818 3279 1036 3341 Flaviniacensi
1053 3280 1093 3341 de
1104 3297 1165 3361 quo
1181 3297 1273 3362 supra
1284 3303 1291 3344 :
1304 3299 1479 3365 quanquam
1496 3288 1546 3349 444-

62 3373 224 3455 bautonis,
241 3379 353 3457 plat,
585 3385 588 3392 ’
627 3397 629 3402 ·
683 3377 686 3386 “
819 3379 938 3435 44444444
958 3391 987 3454 p
1009 3375 1077 3436 448.
1098 3373 1230 3438 eundem
1251 3393 1332 3440 cum.
1355 3379 1478 3459 liupana
1511 3381 1548 3444 de
1677 3425 1681 3434 .

92 3469 290 3549 Septimusda
300 3472 495 3534 Sacramenta
503 3469 674 3553 conjugii,p
697 3471 764 3536 478.
815 3465 935 3552 4444444444
946 3484 1016 3530 csse
1032 3471 1218 3550 suspicatos,
1233 3473 1365 3534 lacobus
1381 3476 1548 3548 vera-Qua.-

92 3563 131 3624 lle
146 3565 352 3627 sacramentis
380 3565 569 3637 Christianae
587 3565 678 3644 fidei,
700 3566 766 3628 lihri
819 3561 893 3624 44444
913 3569 987 3624 tom.
1010 3565 1039 3624 4.
1059 3581 1127 3644 pag.
1149 3562 1220 3626 687.
1242 3583 1302 3626 444
1324 3565 1481 3631 diversum
1508 3570 1547 3632 ab
1669 3571 1674 3582 ’

61 3653 169 3744 dunen
185 3657 258 3720 edit.
273 3656 396 3739 44434444.
416 3649 503 3723 rsus.
518 3661 567 3723 iol.
581 3677 611 3742 p.
625 3659 766 3725 tat-tls.
820 3655 950 3720 YVONE
971 3658 1037 3718 sive
1058 3659 1189 3722 EVENO
1220 3655 1257 3732 dc
1288 3660 1452 3740 Btyaipno,
1481 3663 1547 3724 4444

93 3751 132 3814 444
146 3749 297 3816 Chronico
313 3751 393 3830 quod
410 3753 546 3818 nondum
561 3754 661 3816 lucem
678 3753 765 3828 vidit,
818 3747 856 3812 dc
878 3750 999 3812 Vicoma
1014 3753 1248 3827 Paenitentiario
1265 3755 1361 3832 Papae
1378 3761 1410 3816 et
1424 3755 1549 3835 Episco-

62 3843 263 3908 lta'hlhericus
279 3845 316 3908 ad
334 3845 457 3909 Annum
476 3848 565 3911 4436.
586 3848 654 3909 Huc
671 3862 767 3927 usqae
820 3859 858 3921 po
875 3845 1104 3920 Trevorensiin
1122 3848 1276 3910 Britannia
1294 3864 1423 3924 minora,
1442 3849 1549 3910 deiun-

62 3933 194 4016 ltopister
201 3941 287 4019 Hugo
298 3936 334 4000 de
344 3945 447 4002 sancta
461 3939 575 4002 Victore
585 3939 765 4003 chronicam
820 3933 879 3994 An.
893 3934 981 3996 4374.
996 3937 1085 4014 cujus
1096 3943 1211 4000 statuta
1223 3937 1450 4017 Synndaliahn.
1459 3943 1547 4002 4365.

61 4032 192 4094 nunde
209 4033 353 4094 llomanis
379 4033 572 4095 Pontificibus
589 4039 621 4094 at
636 4033 768 4110 impera·
820 4026 1009 4107 promulgals
1031 4028 1170 4108 vulgamt
1200 4029 1383 4096 Edmundua
1413 4033 1546 4094 44444444

66 4123 313 4206 44444444414944444.
328 4125 407 4188 unte
420 4122 612 4207 manifestum
624 4121 775 4187 estr'iium·
822 4127 894 4182 tom.
914 4121 941 4180 4.
961 4119 1133 4181 anecdotor.
1156 4137 1221 4199 pag.
1244 4123 1427 4186 44484484.
1458 4127 1548 4186 Deni-

64 4215 108 4278 boc
124 4224 253 4300 tempore
264 4217 414 4300 4444444444.
440 4219 495 4282 Hic
523 4213 618 4281 mutto
648 4217 771 4300 arrepsit
822 4232 881 4294 qua
902 4214 972 4275 hnic
993 4215 1107 4294 4443444
1129 4213 1270 4276 laudatus
1291 4217 1412 4295 Longus
1442 4219 1546 4280 tribuit

69 4307 150 4373 4444444
163 4312 272 4393 dgna,
290 4331 367 4395 quoe
385 4311 416 4374 in
436 4313 583 4375 4444444444
599 4311 767 4390 habeatnr,
824 4305 1081 4372 commentarium
1104 4309 1135 4368 in
1156 4305 1381 4383 Ecclesrbstem,
1404 4328 1443 4372 444
1461 4312 1549 4374 testi-

69 4402 94 4462 44
112 4403 221 4486 quibas
241 4404 314 4467 hacc
334 4410 422 4468 snm:
437 4406 575 4486 4444434444
596 4409 772 4469 844444444-
825 4404 925 4464 monio
946 4400 1095 4465 Ambrosii
1123 4401 1214 4463 Gnaei
1246 4403 1418 4482 84344444
1411 4421 1441 4465 44
1462 4405 1549 4469 Gata-

67 4498 109 4558 444.
126 4501 208 4579 tingo
226 4516 319 4580 super
336 4500 538 4563 llierarchiam
559 4502 703 4590 Dionysii.
724 4501 773 4561 Di·
826 4496 892 4575 logo
906 4495 1044 4557 Virorum
1061 4512 1100 4556 ex
1117 4495 1227 4556 tamilla
1243 4494 1495 4574 mendicatarum,
1501 4501 1548 4561 lit·

63 4641 130 4695 mm
145 4650 206 4698 Μ·
222 4647 247 4698 ²·
264 4657 323 4714 pag.
341 4647 401 4699 4448
434 4659 487 4712 sau.
511 4649 725 4710 susannem
653 4647 725 4697 Victo
727 4645 777 4695 4444
827 4589 1094 4745 ’θῗῗυῗὲίῗὲῗέ
1110 4589 1214 4743 {enat
1231 4589 1320 4651 ⁴h05'
1334 4589 1368 4650 8·

63 4729 110 4770 4444
124 4727 196 4784 mat
210 4728 236 4773 at
251 4725 377 4778 4444444444
393 4723 778 4784 444444444444444444444444444
1141 4678 1291 4745 “Timaui
1310 4700 1354 4746 ³0·
1370 4683 1479 4750 deinde
1498 4690 1550 4752 ra-

64 4793 127 4844 mur
141 4798 262 4850 tribuere.
518 4823 529 4844 „
830 4793 866 4854 pa
886 4771 1103 4838 GREGOlllUS
1123 4775 1175 4836 444.
1197 4792 1296 4857 supra.
1319 4797 1346 4857 p.
1370 4780 1418 4840 94.
1442 4841 1446 4852 ,

591 4907 595 4913 ’
1149 4897 1207 4961 445
