3562 5582
217 49 298 160 ee'
804 75 1137 154 4444444444

108 233 110 238 v
217 207 267 267 43.
282 209 314 264 44
332 201 378 280 lh)
406 202 539 262 invectio
567 199 597 258 in
626 201 814 275 peccatorem
837 205 868 258 et
890 199 936 273 ibl
992 197 1391 262 xv11.xviit.xix.xr.
1413 199 1686 282 hulusdbrouici,in

213 299 381 378 peccatoris
393 293 575 366 lamentatio,
590 292 638 367 49)
649 289 750 352 Oratio
760 288 796 352 ad
811 292 936 354 tEsum.
991 293 1103 372 quibus
1119 293 1207 372 plura
1222 293 1260 360 ad
1277 310 1327 356 ros
1343 294 1444 359 italae
1459 301 1689 376 spectaculum·

216 392 255 454 47
264 398 296 452 44
307 393 354 463 484
360 389 461 452 Oratio
472 386 510 448 44
519 387 645 448 Matrem
656 383 774 444 Domini
785 390 816 444 44
827 386 937 462 iiymni
992 386 1172 450 leberrimus
1185 388 1365 454 lduratnrius
1381 387 1508 451 inseruit
1522 395 1598 452 torno
1610 393 1689 470 septi·

214 491 288 547 tres.
304 483 395 564 incip.
412 481 438 542 0
453 480 542 542 444444
560 477 697 556 gloriosa,
712 477 816 536 lessae
839 477 937 555 proles
992 497 1042 545 mo
1054 479 1190 542 thesauri
1201 480 1383 558 scriptorum
1397 479 1528 558 ltaliaep
1541 483 1594 542 348
1602 500 1690 546 emen-

214 567 366 657 generosa.
384 577 541 638 8444444444
565 571 615 634 xi.
637 586 765 648 quorum
791 569 937 648 septimus
992 571 1172 650 datinraque
1185 577 1218 634 44
1233 574 1394 652 integriora
1410 572 1553 651 quaedam
1571 573 1688 638 dediter
1756 651 1757 660 ἵ

213 677 261 734 444
283 670 321 732 44
351 667 556 748 purificatione
581 665 613 726 S.
629 664 756 724 itariae:
778 678 875 724 nonus
905 663 936 722 in
995 665 1146 745 Chronico
1167 681 1318 742 anonymo
1338 659 1533 738 Bibliothecae
1551 669 1689 746 44444444,

214 765 375 826 testivitate
398 764 431 824 B.
451 760 561 822 hieriae
590 755 780 818 biadalenae:
804 754 938 819 44444444
990 757 1079 838 cnjus
1095 765 1200 823 auctor
1216 775 1254 823 ex
1268 759 1401 822 Pantheo
1417 761 1572 838 proluisse
1587 778 1689 827 semn-

180 896 183 902 ,
213 856 250 918 do
267 857 381 918 latrone
396 855 515 916 salvato
532 854 561 910 in
579 852 676 913 cruce
692 893 700 925 ,
715 854 747 910 et
764 846 938 910 undecimus
993 853 1096 914 lessus
1130 852 1236 917 luerat.
1271 852 1362 918 Aliud
1393 854 1529 918 eiusdem
1559 844 1691 926 Godeiridi

214 953 243 1011 in
262 950 427 1012 testivitate
455 949 488 1008 B.
508 941 674 1006 Benedicti.
701 943 781 1004 Haec
803 941 937 1004 Godfridi
996 945 1080 1026 Opus
1097 937 1157 1022 448.
1174 947 1206 1006 44
1227 945 1367 1011 Β4444444.
1385 949 1542 1012 Baccanae
1557 948 1631 1026 quod
1648 950 1693 1010 ali·

209 1045 324 1123 scripta
340 1040 434 1103 edidit
447 1055 518 1100 cum
538 1037 617 1098 notis
633 1036 664 1095 in
682 1035 855 1113 Epistulas,
878 1035 939 1096 Sir·
992 1045 1065 1116 quot
1078 1045 1148 1116 post
1165 1038 1319 1101 Pantheon
1336 1042 1425 1104 annis
1445 1044 1562 1122 scripsit
1580 1048 1610 1104 et
1627 1045 1692 1106 444-

213 1135 343 1198 mondus
358 1136 452 1196 Paris.
468 1132 558 1194 4644.
574 1132 602 1190 8.
622 1143 729 1190 recusa
744 1129 774 1188 in
786 1127 937 1190 sirmondi
993 1133 1056 1194 rico
1075 1133 1111 1194 vt
1126 1133 1197 1212 Begi
1215 1134 1416 1197 Romanorum
1433 1141 1465 1196 et
1481 1137 1692 1200 reuunioomn

212 1229 361 1310 Operibus
377 1229 468 1289 Paris.
486 1232 517 1286 et
533 1225 639 1285 Venet.
653 1230 735 1284 tomo
751 1225 859 1296 tertio:
882 1238 938 1282 neo
991 1223 1119 1301 dicavit,
1142 1226 1316 1288 inscribitur
1343 1225 1500 1306 Speculum
1530 1231 1645 1308 lingum,
1663 1228 1694 1290 do
1739 1275 1743 1284 .

216 1339 275 1382 non
293 1323 322 1383 in
350 1319 549 1382 Bibliothecae
571 1320 694 1379 Patrum
727 1315 938 1394 supplemento
977 1317 1694 1400 ¹Genealogiaomoiumliegumetimperatorum,

187 1483 190 1490 ,
214 1416 306 1476 Paris.
325 1421 397 1475 tom.
412 1415 440 1475 B.
468 1429 533 1492 pag.
551 1411 618 1472 487.
640 1417 672 1472 44
695 1412 725 1468 44
744 1409 938 1488 Lugdunensi
993 1412 1208 1488 Troianorum,
1235 1418 1267 1472 44
1292 1412 1558 1477 Teutoniooruma
1578 1420 1695 1492 tempora

215 1515 288 1568 tom.
315 1507 355 1568 st
382 1508 484 1568 statim
524 1505 582 1566 sub
610 1505 674 1564 init.
699 1500 868 1581 unionum
898 1499 941 1562 od
992 1505 1114 1580 diluvii,
1131 1521 1229 1584 usque
1246 1504 1284 1568 ad
1310 1507 1453 1570 Enrioum
1479 1505 1694 1572 Vloseeundum

217 1600 428 1664 Clumhcuues
449 1599 488 1660 do
505 1597 637 1660 incunda
661 1596 870 1674 suihagiorum
892 1609 946 1654 so·-
996 1599 1144 1662 Ghronica
1155 1597 1339 1665 Venerabilis
1352 1598 1449 1664 Bedae
1465 1601 1637 1678 Presbyteri,
1646 1601 1695 1664 Bu·

217 1697 326 1759 4444444
343 1695 480 1772 vulgavit
506 1692 693 1754 mabillonius
721 1697 793 1750 4444.
812 1690 839 1748 3.
860 1687 940 1749 Ana·
995 1692 1068 1754 sebii
1085 1698 1117 1752 44
1134 1692 1293 1755 Ambrosii.
1308 1691 1382 1753 Vide
1400 1694 1590 1756 Lambeuum
1606 1693 1695 1756 unit

217 1790 285 1852 lect.
301 1807 367 1868 pag.
384 1789 451 1850 484.
480 1785 559 1865 (edit.
579 1801 648 1846 nov.
678 1801 744 1863 pag.
763 1784 840 1850 4594
861 1797 939 1859 qaue
994 1803 1061 1865 pag.
1077 1783 1136 1846 774
1158 1786 1208 1846 444
1224 1803 1294 1864 pars
1313 1787 1465 1864 Epistolae
1489 1787 1527 1848 ad
1554 1788 1695 1848 henricum

217 1885 344 1962 repetita
364 1884 455 1944 etiam
472 1880 510 1941 ab
527 1877 693 1942 emtoribus
723 1876 857 1956 Operum
877 1875 939 1936 Sir·
993 1880 1069 1958 imp.
1089 1877 1148 1940 sed
1165 1896 1220 1958 age
1235 1880 1351 1958 quihus
1366 1897 1401 1952 se
1418 1897 1506 1945 nsum
1527 1881 1695 1952 auctoribus,

216 1975 318 2038 mundi
335 1977 365 2036 in
383 1975 505 2054 praelat.
536 1971 574 2036 ad
601 1979 717 2032 tomum
735 1972 868 2031 tertium.
891 1965 936 2030 Ad
991 1990 1121 2051 quarum
1138 1974 1273 2052 gentium
1285 1989 1334 2034 ree
1346 1979 1541 2051 persecutum
1553 1975 1696 2035 seinPao-

218 2070 301 2131 bunc
317 2067 494 2129 Godlridum
507 2113 516 2142 ,
529 2066 681 2143 Epistulae
695 2067 802 2126 lvonis
828 2064 939 2125 Carno-
993 2067 1064 2128 theo
1080 2065 1260 2128 Godeiridus
1277 2067 1495 2145 protectorer
1515 2069 1589 2146 ipso,
1606 2069 1628 2128 si
1644 2067 1695 2145 pla·

217 2163 321 2236 tensis,
337 2160 533 2237 singulaeque
552 2159 661 2220 calixti
671 2160 706 2220 it.
718 2163 749 2217 44
763 2157 884 2220 honorii
902 2156 937 2216 11.
993 2167 1057 2236 oet,
1078 2159 1246 2222 audiamus

254 2252 468 2314 GOBPBIDUS
492 2247 683 2326 Vitudurum
699 2251 726 2324 al
753 2249 937 2326 Presbyter,
1033 2254 1138 2333 troque
1163 2269 1255 2332 super
1284 2261 1374 2316 vetus
1407 2256 1629 2324 insumentum
1652 2251 1695 2312 lu

215 2345 342 2410 Conradi
359 2347 408 2406 111.
427 2346 478 2422 qui
492 2343 549 2406 An.
569 2345 647 2406 4442
664 2343 744 2404 diem
762 2342 855 2416 obiit,
876 2342 941 2402 Fri·
995 2343 1089 2407 44444
1103 2345 1270 2408 auctoru:

214 2441 306 2502 dorici
321 2441 382 2500 let
398 2439 517 2500 Henrici
531 2438 569 2498 iv
579 2439 631 2515 qui
641 2435 698 2501 An.
712 2436 790 2499 4490
805 2435 940 2496 habenas
1014 2441 1144 2514 4444444,
1164 2439 1290 2500 Bauium
1301 2481 1309 2516 ,
1320 2438 1488 2520 4444444444,
1505 2437 1698 2512 contumel

213 2533 376 2612 capessivit
391 2531 521 2610 imperii,
538 2529 718 2608 Capelianus
734 2545 770 2590 ao
788 2529 938 2602 Notarius,
993 2532 1071 2596 alios
1100 2531 1287 2614 Prophetae:
1314 2533 1418 2595 lesum
1440 2531 1569 2608 844444,
1594 2526 1696 2604 Boou,

214 2633 282 2705 post
298 2627 459 2704 longinqua
476 2622 621 2701 variaque
638 2639 691 2701 per
708 2624 760 2684 XL
775 2637 871 2684 annos
892 2622 941 2680 iti·
993 2626 1202 2702 Salomonem,
1239 2626 1367 2704 Hester,
1390 2624 1508 2701 144444,
1531 2623 1657 2690 Esdram
1674 2625 1698 2684 et

214 2737 296 2792 nera,
312 2720 459 2798 locuplete
478 2718 648 2796 linguarum
673 2731 836 2794 rerumque
858 2732 939 2776 com·
995 2717 1208 2783 Manicheam.
1455 2776 1457 2780 ,

214 2821 318 2893 parata
345 2813 468 2886 notitia,
485 2811 607 2889 scripsit
636 2807 801 2872 Mamertus
818 2804 940 2870 844444-
1033 2815 1071 2874 Iu
1093 2829 1172 2874 novo
1204 2816 1306 2882 4444444
1332 2814 1545 2889 4444444444,
1573 2809 1697 2874 nullum

214 2923 284 2978 rum
315 2907 344 2982 4)
378 2908 447 2966 sive
481 2911 515 2966 nt
551 2904 618 2966 aliis
651 2909 861 2981 nuncupatum
892 2907 942 2962 est
982 2907 1052 2978 ,too
1074 2905 1265 2968 inducimus:

216 2997 375 3074 boulen,
388 3001 454 3058 sive
469 2997 639 3060 Chronioon
654 2995 836 3078 universale,
849 3009 941 3073 prosa
1037 3000 1146 3062 Omnes
1177 2997 1353 3080 Apostolos,
1376 2996 1552 3062 comeum
1584 2999 1698 3078 Papum,

215 3095 334 3172 partim,
351 3093 461 3170 partim
478 3096 584 3167 metro,
599 3088 636 3150 ab
653 3087 734 3150 Orbe
750 3087 872 3148 condito
889 3103 942 3148 us·
996 3091 1173 3173 Dionysum
1191 3091 1414 3172 Areopagitnm,
1433 3090 1606 3170 4444444444,
1620 3089 1698 3148 loon-

216 3203 284 3264 que
299 3184 338 3248 44
363 3184 399 3246 Α.
427 3185 462 3246 C.
488 3185 566 3247 4486
585 3181 718 3244 divisum
738 3183 768 3240 in
791 3183 941 3244 sectiones
995 3201 1063 3246 44444
1076 3185 1333 3266 Chrysostomum,
1354 3181 1552 3260 4444444444,
1567 3182 1697 3258 44444444-

132 3346 136 3354 ,
217 3281 275 3342 XX
289 3285 322 3342 et
338 3278 470 3342 dicatum
489 3278 608 3340 Urbano
621 3275 662 3336 iit
677 3277 755 3354 Papa
770 3274 941 3337 4444485
995 3295 1102 3354 mum,
1119 3277 1340 3358 augustinum,
1361 3272 1575 3349 Ambrosium,
1601 3274 1697 3352 Grego-

217 3373 254 3436 ad
273 3373 362 3436 4487.
386 3375 505 3434 Primus
532 3370 628 3431 edidit
651 3369 782 3430 Basilius
810 3368 942 3428 ioannes
996 3373 1085 3432 rium:
1094 3369 1229 3452 aliosque
1239 3367 1394 3432 nonnullos
1402 3365 1694 3444 Ecclesioeboctoru.

217 3465 366 3528 Heroidus
381 3465 514 3526 Basileae
526 3465 603 3533 44644
623 3463 672 3526 444.
683 3459 794 3522 deinde
809 3461 942 3520 ioannes
1036 3465 1137 3544 super
1147 3464 1287 3528 historias
1297 3482 1370 3526 uero
1386 3463 1552 3544 gentilium,
1570 3457 1698 3536 4444444

217 3558 403 3620 Pistoriusin
415 3557 602 3646 liminetpmi
615 3553 741 3617 secundi
756 3554 941 3630 scriptorum
996 3557 1104 3630 elium,
1131 3557 1317 3638 1444444444,
1343 3559 1489 3630 Dionem,
1514 3553 1697 3622 stratuum,

218 3651 256 3712 44
273 3651 364 3712 rebus
381 3648 586 3724 Germanicis,
601 3647 791 3711 Francolurt.
813 3645 890 3708 4584
912 3652 945 3708 44
997 3649 1163 3730 orosium,
1184 3653 1399 3732 Hegesippum,
1421 3648 1611 3724 Suetonium,
1634 3641 1699 3708 8444

218 3747 335 3806 liancv.
352 3744 430 3806 4843
452 3745 483 3805 44
503 3743 551 3804 iol.
569 3742 734 3801 novissime
751 3741 788 3802 V.
814 3738 847 3801 C.
869 3741 945 3801 Bur·
998 3750 1071 3805 uum
1088 3743 1238 3821 ,dulium
1266 3743 1494 3826 Aphrioouum,
1528 3742 1583 3824 qui
1607 3739 1698 3820 primu

219 3835 350 3899 ahardus
360 3831 499 3894 Gottheil
510 3833 654 3894 Struvius
670 3832 698 3896 iu
712 3829 839 3909 repetita
851 3830 945 3892 Pisto
999 3836 1148 3900 04444444
1160 3838 1339 3919 comoripsit
1351 3835 1409 3900 sud
1424 3839 1526 3900 Murco
1540 3837 1566 3914 al
1586 3835 1697 3898 crosso.

218 3932 320 3990 444444
337 3927 469 4006 sylloges
485 3925 630 4000 editione,
657 3923 843 3984 Batisbonae
865 3921 943 3984 4724
1039 3931 1082 3990 Bo
1096 3929 1254 3995 Chaldaeis
1269 3949 1386 4013 quoque
1402 3927 1544 3998 44444444
1557 3929 1698 3996 Beronum,

219 4022 268 4082 iol.
286 4023 316 4085 io
333 4035 393 4099 qua
404 4024 600 4082 accesserunt
615 4017 715 4079 variae
730 4017 878 4086 lectiones
889 4016 944 4078 Co-
997 4024 1052 4102 qul
1063 4041 1163 4085 omnm
1179 4023 1401 4098 Chaldaeorum
1417 4021 1532 4101 scripto
1545 4015 1698 4100 4444444444.

219 4113 294 4175 diois
311 4112 531 4176 membranacei
549 4109 815 4187 Norimbergensis.
839 4111 944 4168 Partes
1039 4116 1083 4175 De'
1099 4119 1257 4195 AEgyptiis,
1272 4117 1440 4178 inducimus
1452 4112 1606 4178 Manethon
1618 4110 1698 4172 44444

219 4211 353 4286 quinque
377 4213 546 4286 postremas
578 4207 643 4264 sive
675 4204 841 4262 sectionem
864 4199 944 4261 xvi.
999 4207 1195 4288 rmgrupltum
1217 4215 1247 4270 44
1274 4207 1530 4290 odrortoproplrum
1559 4201 1701 4286 AEggprto

261 4363 287 4424 a)
306 4366 459 4426 nentiquam
478 4359 707 4421 theberpeuair,
730 4360 761 4408 de
777 4371 828 4420 quo
844 4357 948 4408 dubite-
998 4317 1078 4362 mm'
1104 4299 1257 4365 Habemm
1284 4310 1374 4366 mam
1404 4299 1443 4362 ab
1463 4300 1628 4380 ‘imm’
1644 4295 1699 4358 ΜΨ

215 4436 258 4485 tu
273 4440 395 4490 nunnius
410 4437 441 4486 44
466 4442 567 4486 ennon
594 4432 665 4484 4484.
694 4445 767 4482 nnn.
792 4431 834 4481 ss.
862 4443 946 4494 nequo
998 4392 1094 4471 chum,
1108 4395 1238 4474 Effluit,
1253 4398 1284 4475 bl
1297 4416 1326 4477 p.
1344 4398 1377 4459 34
1400 4399 1437 4458 69
1453 4400 1481 4456 44
1495 4393 1699 4472 Hieronymum

214 4507 363 4562 Monachus
379 4511 589 4570 Dominiennus,
607 4517 635 4558 nt
654 4509 784 4557 Bernardo
797 4509 828 4558 de
844 4509 947 4557 turem·
1037 4512 1062 4572 o)
1079 4513 1129 4564 sun
1145 4518 1278 4568 Among„
1298 4513 1453 4577 mmm,
1478 4511 1559 4566 mg„
1583 4507 1704 4560 mm„

216 4583 297 4646 ὴ414440
313 4597 469 4648 4444444441·
486 4585 548 4634 vide
564 4585 687 4635 1440444444
704 4582 799 4643 Quarti.
817 4582 903 4633 lom-1
918 4595 944 4644 it·
991 4589 1063 4638 vixit.
1082 4591 1153 4640 tiuuo
1170 4592 1326 4640 Antoninum
1337 4589 1384 4640 44144
1398 4589 1429 4638 44
1447 4591 1528 4639 4444444
1543 4589 1640 4649 praeter
1656 4590 1703 4630 rem

215 4657 273 4710 744).
805 4669 810 4677 ’
990 4672 1108 4724 accepere
1120 4667 1256 4714 Antonino.
1275 4665 1355 4726 44444,
1371 4669 1399 4713 44
1418 4668 1520 4721 nostro,
1537 4663 1645 4710 44444444
1674 4653 1704 4703 lt·

262 4731 291 4795 4)
309 4745 361 4784 444
377 4731 524 4784 Memoriae
544 4733 726 4794 Sanctorum,
746 4731 858 4795 utingen
876 4731 942 4794 apud
992 4736 1128 4798 gentibus,
1147 4739 1243 4788 4444444
1259 4739 1365 4788 crassus
1380 4739 1408 4787 in
1427 4742 1536 4788 mentem
1552 4735 1630 4784 44444.

216 4807 341 4856 vossium.
1035 4809 1062 4870 bl
1081 4813 1144 4872 tege
1160 4811 1320 4862 Barnaeum
1337 4827 1350 4862 e
1369 4813 1485 4874 tmepho.
