<?xml version="1.0" encoding="UTF-8"?>
<!DOCTYPE html PUBLIC "-//W3C//DTD XHTML 1.0 Transitional//EN"
    "http://www.w3.org/TR/xhtml1/DTD/xhtml1-transitional.dtd">
<html xmlns="http://www.w3.org/1999/xhtml" xml:lang="en" lang="en">
 <head>
  <title>
</title>
<meta http-equiv="Content-Type" content="text/html;charset=utf-8" />
  <meta name='ocr-system' content='tesseract 3.04.00' />
  <meta name='ocr-capabilities' content='ocr_page ocr_carea ocr_par ocr_line ocrx_word'/>
</head>
<body>
  <div class='ocr_page' id='page_1' title='image "./bibliothecalati00schgoog/bibliothecalati00schgoog_0327.png"; bbox 0 0 3596 5610; ppageno 0'>
   <div class='ocr_carea' id='block_1_1' title="bbox 241 124 1175 192">
    <p class='ocr_par' dir='ltr' id='par_1_1' title="bbox 241 124 1175 192">
     <span class='ocr_line' id='line_1_1' title="bbox 241 124 1175 192; baseline -0.001 -1"><span class='ocrx_word' id='word_1_1' title='bbox 241 130 300 192; x_wconf 85' lang='grc'><strong>334</strong></span> <span class='ocrx_word' id='word_1_2' title='bbox 782 124 1175 190; x_wconf 77' lang='lat' dir='ltr'><strong>lunaeunuius</strong></span> 
     </span>
    </p>
   </div>
   <div class='ocr_carea' id='block_1_2' title="bbox 201 232 1782 1718">
    <p class='ocr_par' dir='ltr' id='par_1_2' title="bbox 236 232 1703 506">
     <span class='ocr_line' id='line_1_2' title="bbox 238 232 1703 320; baseline 0.004 -24"><span class='ocrx_word' id='word_1_3' title='bbox 238 242 267 296; x_wconf 89' lang='lat' dir='ltr'><strong>et</strong></span> <span class='ocrx_word' id='word_1_4' title='bbox 288 233 405 298; x_wconf 84' lang='lat' dir='ltr'><strong>tandem</strong></span> <span class='ocrx_word' id='word_1_5' title='bbox 420 251 441 294; x_wconf 88' lang='lat' dir='ltr'><strong>a</strong></span> <span class='ocrx_word' id='word_1_6' title='bbox 459 232 587 296; x_wconf 80' lang='lat' dir='ltr'><strong>Gllrt&#39;sto</strong></span> <span class='ocrx_word' id='word_1_7' title='bbox 601 233 713 314; x_wconf 85' lang='lat' dir='ltr'><strong>Sponsa</strong></span> <span class='ocrx_word' id='word_1_8' title='bbox 738 242 900 297; x_wconf 79' lang='lat' dir='ltr'><strong>renovetur</strong></span> <span class='ocrx_word' id='word_1_9' title='bbox 915 240 952 296; x_wconf 84' lang='lat' dir='ltr'><strong>ut</strong></span> <span class='ocrx_word' id='word_1_10' title='bbox 1005 239 1150 300; x_wconf 84' lang='lat' dir='ltr'><strong>Trinitate</strong></span> <span class='ocrx_word' id='word_1_11' title='bbox 1180 237 1345 299; x_wconf 89' lang='lat' dir='ltr'><strong>doctrinam</strong></span> <span class='ocrx_word' id='word_1_12' title='bbox 1365 255 1383 298; x_wconf 88' lang='lat' dir='ltr'><strong>a</strong></span> <span class='ocrx_word' id='word_1_13' title='bbox 1414 237 1560 302; x_wconf 85' lang='lat' dir='ltr'><strong>loacbinro</strong></span> <span class='ocrx_word' id='word_1_14' title='bbox 1586 246 1703 320; x_wconf 90' lang='lat' dir='ltr'><strong>proponi</strong></span> 
     </span>
     <span class='ocr_line' id='line_1_3' title="bbox 236 326 1699 414; baseline 0.003 -24"><span class='ocrx_word' id='word_1_15' title='bbox 236 326 356 409; x_wconf 81' lang='lat' dir='ltr'><strong>aquilae</strong></span> <span class='ocrx_word' id='word_1_16' title='bbox 369 328 514 408; x_wconf 71' lang='lat' dir='ltr'><strong>jacentia</strong></span> <span class='ocrx_word' id='word_1_17' title='bbox 529 341 598 386; x_wconf 79' lang='lat' dir='ltr'><strong>soro.</strong></span> <span class='ocrx_word' id='word_1_18' title='bbox 616 328 703 390; x_wconf 88' lang='lat' dir='ltr'><strong>Plura</strong></span> <span class='ocrx_word' id='word_1_19' title='bbox 714 328 794 408; x_wconf 90' lang='lat' dir='ltr'><strong>apud</strong></span> <span class='ocrx_word' id='word_1_20' title='bbox 809 331 853 389; x_wconf 92' lang='lat' dir='ltr'><strong>lo.</strong></span> <span class='ocrx_word' id='word_1_21' title='bbox 870 329 952 390; x_wconf 89' lang='lat' dir='ltr'><strong>Wol·</strong></span> <span class='ocrx_word' id='word_1_22' title='bbox 1004 347 1063 391; x_wconf 91' lang='lat' dir='ltr'><strong>nou</strong></span> <span class='ocrx_word' id='word_1_23' title='bbox 1077 330 1223 392; x_wconf 86' lang='lat' dir='ltr'><strong>diffitetur</strong></span> <span class='ocrx_word' id='word_1_24' title='bbox 1241 331 1456 410; x_wconf 86' lang='lat' dir='ltr'><strong>Papebrocbius</strong></span> <span class='ocrx_word' id='word_1_25' title='bbox 1475 334 1504 392; x_wconf 92' lang='lat' dir='ltr'><strong>in</strong></span> <span class='ocrx_word' id='word_1_26' title='bbox 1516 337 1699 414; x_wconf 79' lang='lat' dir='ltr'>responsione</span> 
     </span>
     <span class='ocr_line' id='line_1_4' title="bbox 236 420 1699 506; baseline 0.001 -20"><span class='ocrx_word' id='word_1_27' title='bbox 236 425 309 486; x_wconf 85' lang='lat' dir='ltr'><strong>fiam</strong></span> <span class='ocrx_word' id='word_1_28' title='bbox 332 439 396 502; x_wconf 85' lang='lat' dir='ltr'><strong>pag.</strong></span> <span class='ocrx_word' id='word_1_29' title='bbox 419 423 471 482; x_wconf 93' lang='grc'><strong>494</strong></span> <span class='ocrx_word' id='word_1_30' title='bbox 497 420 567 481; x_wconf 77' lang='lat' dir='ltr'><strong>tet.</strong></span> <span class='ocrx_word' id='word_1_31' title='bbox 1003 424 1040 486; x_wconf 87' lang='lat' dir='ltr'><strong>ad</strong></span> <span class='ocrx_word' id='word_1_32' title='bbox 1055 425 1221 488; x_wconf 86' lang='lat' dir='ltr'><strong>Sebastiam</strong></span> <span class='ocrx_word' id='word_1_33' title='bbox 1242 441 1259 484; x_wconf 92' lang='lat' dir='ltr'><strong>a</strong></span> <span class='ocrx_word' id='word_1_34' title='bbox 1280 425 1310 486; x_wconf 88' lang='lat' dir='ltr'><strong>S.</strong></span> <span class='ocrx_word' id='word_1_35' title='bbox 1328 424 1416 486; x_wconf 84' lang='lat' dir='ltr'><strong>Paulo</strong></span> <span class='ocrx_word' id='word_1_36' title='bbox 1433 443 1554 501; x_wconf 88' lang='lat' dir='ltr'><strong>errores,</strong></span> <span class='ocrx_word' id='word_1_37' title='bbox 1569 428 1594 502; x_wconf 86' lang='grc'><strong>4)</strong></span> <span class='ocrx_word' id='word_1_38' title='bbox 1607 429 1655 506; x_wconf 92' lang='lat' dir='ltr'><strong>qui</strong></span> <span class='ocrx_word' id='word_1_39' title='bbox 1668 436 1699 488; x_wconf 88' lang='grc'><strong>44</strong></span> 
     </span>
    </p>

    <p class='ocr_par' dir='ltr' id='par_1_3' title="bbox 234 512 1782 788">
     <span class='ocr_line' id='line_1_5' title="bbox 276 512 1782 602; baseline 0.003 -24"><span class='ocrx_word' id='word_1_40' title='bbox 276 512 619 578; x_wconf 63' lang='lat' dir='ltr'><strong>tenacissimus.</strong></span> <span class='ocrx_word' id='word_1_41' title='bbox 652 517 683 575; x_wconf 91' lang='grc'><strong>44</strong></span> <span class='ocrx_word' id='word_1_42' title='bbox 703 516 777 578; x_wconf 88' lang='lat' dir='ltr'><strong>Bibl.</strong></span> <span class='ocrx_word' id='word_1_43' title='bbox 810 516 950 578; x_wconf 86' lang='lat' dir='ltr'><strong>Coenobii</strong></span> <span class='ocrx_word' id='word_1_44' title='bbox 1002 519 1069 580; x_wconf 88' lang='lat' dir='ltr'><strong>alibi</strong></span> <span class='ocrx_word' id='word_1_45' title='bbox 1089 518 1178 580; x_wconf 88' lang='lat' dir='ltr'><strong>docet</strong></span> <span class='ocrx_word' id='word_1_46' title='bbox 1197 535 1268 580; x_wconf 92' lang='lat' dir='ltr'><strong>eum</strong></span> <span class='ocrx_word' id='word_1_47' title='bbox 1285 518 1447 592; x_wconf 50' lang='lat' dir='ltr'><strong>‚Trithoitis</strong></span> <span class='ocrx_word' id='word_1_48' title='bbox 1473 522 1640 600; x_wconf 75' lang='lat' dir='ltr'><strong>neutiquam</strong></span> <span class='ocrx_word' id='word_1_49' title='bbox 1660 522 1701 583; x_wconf 90' lang='lat' dir='ltr'><strong>ia·</strong></span> <span class='ocrx_word' id='word_1_50' title='bbox 1781 595 1782 602; x_wconf 15' lang='lat'>¹</span> 
     </span>
     <span class='ocr_line' id='line_1_6' title="bbox 234 608 1697 694; baseline 0.003 -22"><span class='ocrx_word' id='word_1_51' title='bbox 234 611 404 685; x_wconf 78' lang='lat' dir='ltr'><strong>bonensis,</strong></span> <span class='ocrx_word' id='word_1_52' title='bbox 424 608 495 670; x_wconf 89' lang='grc'><strong>0444.</strong></span> <span class='ocrx_word' id='word_1_53' title='bbox 517 610 645 670; x_wconf 81' lang='lat' dir='ltr'><strong>cisterc.</strong></span> <span class='ocrx_word' id='word_1_54' title='bbox 677 615 756 670; x_wconf 88' lang='lat' dir='ltr'><strong>toste</strong></span> <span class='ocrx_word' id='word_1_55' title='bbox 787 609 890 674; x_wconf 80' lang='lat' dir='ltr'><strong>Carolo</strong></span> <span class='ocrx_word' id='word_1_56' title='bbox 910 610 948 672; x_wconf 89' lang='lat' dir='ltr'><strong>do</strong></span> <span class='ocrx_word' id='word_1_57' title='bbox 1002 613 1092 673; x_wconf 89' lang='lat' dir='ltr'><strong>risse.</strong></span> <span class='ocrx_word' id='word_1_58' title='bbox 1113 611 1187 673; x_wconf 83' lang='lat' dir='ltr'>Vide</span> <span class='ocrx_word' id='word_1_59' title='bbox 1212 611 1286 673; x_wconf 84' lang='grc'><strong>44444</strong></span> <span class='ocrx_word' id='word_1_60' title='bbox 1318 612 1450 673; x_wconf 88' lang='grc'><strong>8444444.</strong></span> <span class='ocrx_word' id='word_1_61' title='bbox 1481 619 1550 674; x_wconf 90' lang='lat' dir='ltr'><strong>tom.</strong></span> <span class='ocrx_word' id='word_1_62' title='bbox 1581 613 1608 673; x_wconf 83' lang='grc'><strong>7.</strong></span> <span class='ocrx_word' id='word_1_63' title='bbox 1634 614 1697 694; x_wconf 74' lang='grc'><strong>44444</strong></span> 
     </span>
     <span class='ocr_line' id='line_1_7' title="bbox 234 699 1692 788; baseline 0.001 -24"><span class='ocrx_word' id='word_1_64' title='bbox 234 699 323 765; x_wconf 86' lang='lat' dir='ltr'><strong>visch</strong></span> <span class='ocrx_word' id='word_1_65' title='bbox 344 719 411 781; x_wconf 87' lang='lat' dir='ltr'><strong>pag.</strong></span> <span class='ocrx_word' id='word_1_66' title='bbox 436 702 502 764; x_wconf 93' lang='grc'><strong>472.</strong></span> <span class='ocrx_word' id='word_1_67' title='bbox 523 702 599 764; x_wconf 86' lang='grc'><strong>44444.</strong></span> <span class='ocrx_word' id='word_1_68' title='bbox 621 703 745 766; x_wconf 84' lang='lat' dir='ltr'><strong>Cistena.</strong></span> <span class='ocrx_word' id='word_1_69' title='bbox 1001 721 1068 788; x_wconf 84' lang='lat' dir='ltr'><strong>pag.</strong></span> <span class='ocrx_word' id='word_1_70' title='bbox 1085 705 1138 766; x_wconf 89' lang='grc'><strong>434</strong></span> <span class='ocrx_word' id='word_1_71' title='bbox 1164 721 1227 784; x_wconf 89' lang='lat' dir='ltr'><strong>seq.</strong></span> <span class='ocrx_word' id='word_1_72' title='bbox 1245 705 1398 767; x_wconf 73' lang='lat' dir='ltr'><strong>albericus</strong></span> <span class='ocrx_word' id='word_1_73' title='bbox 1417 704 1454 766; x_wconf 89' lang='grc'><strong>444</strong></span> <span class='ocrx_word' id='word_1_74' title='bbox 1475 706 1613 769; x_wconf 71' lang='lat' dir='ltr'><strong>aaaron</strong></span> <span class='ocrx_word' id='word_1_75' title='bbox 1631 725 1692 788; x_wconf 77' lang='lat' dir='ltr'><strong>pag.</strong></span> 
     </span>
    </p>

    <p class='ocr_par' dir='ltr' id='par_1_4' title="bbox 234 793 1699 972">
     <span class='ocr_line' id='line_1_8' title="bbox 274 793 1698 878; baseline 0.004 -23"><span class='ocrx_word' id='word_1_76' title='bbox 274 796 310 855; x_wconf 92' lang='lat' dir='ltr'><strong>ln</strong></span> <span class='ocrx_word' id='word_1_77' title='bbox 325 793 494 856; x_wconf 76' lang='lat' dir='ltr'><strong><em>Danielem:</em></strong></span> <span class='ocrx_word' id='word_1_78' title='bbox 509 795 568 857; x_wconf 86' lang='grc'><strong>448.</strong></span> <span class='ocrx_word' id='word_1_79' title='bbox 583 794 653 856; x_wconf 82' lang='lat' dir='ltr'><strong>ibid.</strong></span> <span class='ocrx_word' id='word_1_80' title='bbox 671 802 702 855; x_wconf 91' lang='lat' dir='ltr'><strong>et</strong></span> <span class='ocrx_word' id='word_1_81' title='bbox 714 796 819 857; x_wconf 90' lang='lat' dir='ltr'><strong>Venet.</strong></span> <span class='ocrx_word' id='word_1_82' title='bbox 834 798 910 857; x_wconf 89' lang='grc'><strong>4449</strong></span> <span class='ocrx_word' id='word_1_83' title='bbox 923 797 950 856; x_wconf 93' lang='grc'><strong>4.</strong></span> <span class='ocrx_word' id='word_1_84' title='bbox 1003 797 1063 860; x_wconf 80' lang='lat' dir='ltr'><strong>tat</strong></span> <span class='ocrx_word' id='word_1_85' title='bbox 1085 800 1214 860; x_wconf 76' lang='lat' dir='ltr'><strong><em>Caetera</em></strong></span> <span class='ocrx_word' id='word_1_86' title='bbox 1235 796 1382 859; x_wconf 83' lang='lat' dir='ltr'><strong>lonobr&#39;rrti</strong></span> <span class='ocrx_word' id='word_1_87' title='bbox 1406 797 1547 878; x_wconf 76' lang='lat' dir='ltr'><strong>opusculo</strong></span> <span class='ocrx_word' id='word_1_88' title='bbox 1563 806 1592 860; x_wconf 96' lang='grc'><strong>44</strong></span> <span class='ocrx_word' id='word_1_89' title='bbox 1611 801 1698 862; x_wconf 83' lang='lat' dir='ltr'><strong>citam</strong></span> 
     </span>
     <span class='ocr_line' id='line_1_9' title="bbox 234 887 1699 972; baseline 0.003 -22"><span class='ocrx_word' id='word_1_90' title='bbox 234 897 312 950; x_wconf 84' lang='lat' dir='ltr'><strong>teste</strong></span> <span class='ocrx_word' id='word_1_91' title='bbox 333 888 513 964; x_wconf 86' lang='lat' dir='ltr'><strong>Besodncro,</strong></span> <span class='ocrx_word' id='word_1_92' title='bbox 534 905 573 950; x_wconf 87' lang='lat' dir='ltr'><strong>ex</strong></span> <span class='ocrx_word' id='word_1_93' title='bbox 593 905 654 967; x_wconf 93' lang='lat' dir='ltr'><strong>quo</strong></span> <span class='ocrx_word' id='word_1_94' title='bbox 677 887 831 950; x_wconf 83' lang='grc'><strong>4444444444</strong></span> <span class='ocrx_word' id='word_1_95' title='bbox 848 895 879 949; x_wconf 88' lang='grc'><strong>44</strong></span> <span class='ocrx_word' id='word_1_96' title='bbox 893 890 952 951; x_wconf 88' lang='grc'><strong>4444.</strong></span> <span class='ocrx_word' id='word_1_97' title='bbox 1004 892 1069 972; x_wconf 64' lang='lat' dir='ltr'><strong>qus</strong></span> <span class='ocrx_word' id='word_1_98' title='bbox 1082 891 1252 972; x_wconf 76' lang='lat' dir='ltr'><strong>relipiorarn</strong></span> <span class='ocrx_word' id='word_1_99' title='bbox 1273 897 1303 952; x_wconf 89' lang='lat' dir='ltr'><strong>et</strong></span> <span class='ocrx_word' id='word_1_100' title='bbox 1319 907 1435 952; x_wconf 83' lang='lat' dir='ltr'><strong>moram</strong></span> <span class='ocrx_word' id='word_1_101' title='bbox 1457 891 1657 954; x_wconf 83' lang='lat' dir='ltr'><strong>institutionem</strong></span> <span class='ocrx_word' id='word_1_102' title='bbox 1673 899 1699 954; x_wconf 90' lang='grc'><strong>44</strong></span> 
     </span>
    </p>

    <p class='ocr_par' dir='ltr' id='par_1_5' title="bbox 201 981 1782 1718">
     <span class='ocr_line' id='line_1_10' title="bbox 273 981 1700 1065; baseline 0.002 -21"><span class='ocrx_word' id='word_1_103' title='bbox 273 984 307 1044; x_wconf 93' lang='grc'><strong>44</strong></span> <span class='ocrx_word' id='word_1_104' title='bbox 337 981 412 1044; x_wconf 89' lang='lat' dir='ltr'><strong>Bibl.</strong></span> <span class='ocrx_word' id='word_1_105' title='bbox 444 983 622 1046; x_wconf 82' lang='lat' dir='ltr'><strong>cottoniana</strong></span> <span class='ocrx_word' id='word_1_106' title='bbox 654 997 721 1062; x_wconf 84' lang='lat' dir='ltr'><strong>pag.</strong></span> <span class='ocrx_word' id='word_1_107' title='bbox 742 982 781 1043; x_wconf 83' lang='grc'><strong>23</strong></span> <span class='ocrx_word' id='word_1_108' title='bbox 805 983 864 1044; x_wconf 84' lang='lat' dir='ltr'><strong>iis.</strong></span> <span class='ocrx_word' id='word_1_109' title='bbox 885 986 953 1043; x_wconf 84' lang='lat' dir='ltr'><strong>loa·</strong></span> <span class='ocrx_word' id='word_1_110' title='bbox 1006 984 1200 1047; x_wconf 72' lang='lat' dir='ltr'><strong>moditronem</strong></span> <span class='ocrx_word' id='word_1_111' title='bbox 1217 1001 1308 1065; x_wconf 87' lang='lat' dir='ltr'><strong>qnam</strong></span> <span class='ocrx_word' id='word_1_112' title='bbox 1325 985 1356 1044; x_wconf 88' lang='grc'><strong>44</strong></span> <span class='ocrx_word' id='word_1_113' title='bbox 1370 984 1534 1046; x_wconf 84' lang='lat' dir='ltr'><strong>Florentino</strong></span> <span class='ocrx_word' id='word_1_114' title='bbox 1560 985 1700 1063; x_wconf 73' lang='lat' dir='ltr'><strong>[Florensii</strong></span> 
     </span>
     <span class='ocr_line' id='line_1_11' title="bbox 232 1073 1699 1160; baseline 0.002 -23"><span class='ocrx_word' id='word_1_115' title='bbox 232 1076 353 1137; x_wconf 87' lang='lat' dir='ltr'><strong>abimus</strong></span> <span class='ocrx_word' id='word_1_116' title='bbox 363 1092 456 1156; x_wconf 84' lang='lat' dir='ltr'><strong>super</strong></span> <span class='ocrx_word' id='word_1_117' title='bbox 470 1073 653 1155; x_wconf 79' lang='lat' dir='ltr'><strong>Prophetas,</strong></span> <span class='ocrx_word' id='word_1_118' title='bbox 671 1074 709 1136; x_wconf 89' lang='lat' dir='ltr'><strong>ad</strong></span> <span class='ocrx_word' id='word_1_119' title='bbox 732 1075 858 1137; x_wconf 85' lang='lat' dir='ltr'><strong>fratrem</strong></span> <span class='ocrx_word' id='word_1_120' title='bbox 874 1077 953 1153; x_wconf 69' lang='grc'><strong>444)-</strong></span> <span class='ocrx_word' id='word_1_121' title='bbox 1006 1080 1185 1142; x_wconf 84' lang='lat' dir='ltr'><strong>lionaslerio</strong></span> <span class='ocrx_word' id='word_1_122' title='bbox 1198 1077 1365 1159; x_wconf 77' lang='lat' dir='ltr'><strong><em>reliquerat</em></strong></span> <span class='ocrx_word' id='word_1_123' title='bbox 1377 1077 1452 1140; x_wconf 86' lang='lat' dir='ltr'><strong>idem</strong></span> <span class='ocrx_word' id='word_1_124' title='bbox 1467 1077 1605 1154; x_wconf 81' lang='lat' dir='ltr'><strong>loocban,</strong></span> <span class='ocrx_word' id='word_1_125' title='bbox 1623 1081 1699 1160; x_wconf 84' lang='lat' dir='ltr'><strong>Papa</strong></span> 
     </span>
     <span class='ocr_line' id='line_1_12' title="bbox 233 1168 1702 1254; baseline 0.001 -24"><span class='ocrx_word' id='word_1_126' title='bbox 233 1172 351 1231; x_wconf 88' lang='lat' dir='ltr'><strong>nerium</strong></span> <span class='ocrx_word' id='word_1_127' title='bbox 373 1170 411 1230; x_wconf 95' lang='grc'><strong>444</strong></span> <span class='ocrx_word' id='word_1_128' title='bbox 432 1170 557 1230; x_wconf 87' lang='lat' dir='ltr'><strong>Ponoio:</strong></span> <span class='ocrx_word' id='word_1_129' title='bbox 579 1186 639 1230; x_wconf 90' lang='lat' dir='ltr'><strong>non</strong></span> <span class='ocrx_word' id='word_1_130' title='bbox 666 1168 807 1230; x_wconf 89' lang='lat' dir='ltr'><strong>diversus</strong></span> <span class='ocrx_word' id='word_1_131' title='bbox 834 1185 953 1232; x_wconf 80' lang='lat' dir='ltr'><strong>auom·</strong></span> <span class='ocrx_word' id='word_1_132' title='bbox 1007 1171 1193 1234; x_wconf 76' lang='lat' dir='ltr'><strong><em>Innocentius</em></strong></span> <span class='ocrx_word' id='word_1_133' title='bbox 1215 1169 1702 1254; x_wconf 80' lang='lat' dir='ltr'><strong>tertinsnonimproboart,sedap</strong></span> 
     </span>
     <span class='ocr_line' id='line_1_13' title="bbox 234 1263 1701 1348; baseline 0.001 -23"><span class='ocrx_word' id='word_1_134' title='bbox 234 1265 381 1326; x_wconf 90' lang='lat' dir='ltr'><strong>mentario</strong></span> <span class='ocrx_word' id='word_1_135' title='bbox 402 1265 432 1322; x_wconf 91' lang='lat' dir='ltr'><strong>in</strong></span> <span class='ocrx_word' id='word_1_136' title='bbox 462 1263 609 1336; x_wconf 83' lang='lat' dir='ltr'><strong>Esaiam,</strong></span> <span class='ocrx_word' id='word_1_137' title='bbox 629 1265 680 1341; x_wconf 93' lang='lat' dir='ltr'><strong>qui</strong></span> <span class='ocrx_word' id='word_1_138' title='bbox 710 1264 857 1342; x_wconf 83' lang='lat' dir='ltr'><strong>Raynerio</strong></span> <span class='ocrx_word' id='word_1_139' title='bbox 883 1263 952 1326; x_wconf 88' lang='lat' dir='ltr'><strong>huic</strong></span> <span class='ocrx_word' id='word_1_140' title='bbox 1004 1264 1157 1348; x_wconf 75' lang='grc'><strong>4444444444</strong></span> <span class='ocrx_word' id='word_1_141' title='bbox 1184 1264 1406 1327; x_wconf 82' lang='lat' dir='ltr'><strong>commendavit.</strong></span> <span class='ocrx_word' id='word_1_142' title='bbox 1430 1266 1537 1326; x_wconf 87' lang='lat' dir='ltr'><strong>Eadem</strong></span> <span class='ocrx_word' id='word_1_143' title='bbox 1555 1265 1642 1327; x_wconf 88' lang='lat' dir='ltr'><strong>verba</strong></span> <span class='ocrx_word' id='word_1_144' title='bbox 1659 1283 1701 1327; x_wconf 84' lang='grc'><strong>44-</strong></span> 
     </span>
     <span class='ocr_line' id='line_1_14' title="bbox 233 1358 1701 1441; baseline 0.001 -22"><span class='ocrx_word' id='word_1_145' title='bbox 233 1358 352 1420; x_wconf 89' lang='lat' dir='ltr'><strong>dicatus</strong></span> <span class='ocrx_word' id='word_1_146' title='bbox 372 1365 428 1418; x_wconf 86' lang='lat' dir='ltr'><strong>est.</strong></span> <span class='ocrx_word' id='word_1_147' title='bbox 1007 1361 1081 1441; x_wconf 87' lang='lat' dir='ltr'><strong>petit</strong></span> <span class='ocrx_word' id='word_1_148' title='bbox 1095 1367 1199 1423; x_wconf 87' lang='lat' dir='ltr'><strong>auctor</strong></span> <span class='ocrx_word' id='word_1_149' title='bbox 1216 1361 1314 1438; x_wconf 84' lang='lat' dir='ltr'><strong>magni</strong></span> <span class='ocrx_word' id='word_1_150' title='bbox 1329 1359 1467 1420; x_wconf 80' lang='lat' dir='ltr'><strong>chronici</strong></span> <span class='ocrx_word' id='word_1_151' title='bbox 1482 1359 1588 1439; x_wconf 79' lang='lat' dir='ltr'><strong>belgici</strong></span> <span class='ocrx_word' id='word_1_152' title='bbox 1602 1377 1628 1438; x_wconf 91' lang='lat' dir='ltr'><strong>p.</strong></span> <span class='ocrx_word' id='word_1_153' title='bbox 1638 1360 1701 1421; x_wconf 91' lang='grc'><strong>244.</strong></span> 
     </span>
     <span class='ocr_line' id='line_1_15' title="bbox 201 1447 1703 1530; baseline 0 -18"><span class='ocrx_word' id='word_1_154' title='bbox 201 1459 207 1472; x_wconf 87' lang='grc'><em>·</em></span> <span class='ocrx_word' id='word_1_155' title='bbox 274 1451 311 1512; x_wconf 91' lang='lat' dir='ltr'><strong>ln</strong></span> <span class='ocrx_word' id='word_1_156' title='bbox 327 1447 524 1530; x_wconf 75' lang='lat' dir='ltr'><strong>Eaanqeliarn</strong></span> <span class='ocrx_word' id='word_1_157' title='bbox 537 1449 953 1524; x_wconf 71' lang='lat' dir='ltr'><strong>loconiamemorattrnhe·</strong></span> <span class='ocrx_word' id='word_1_158' title='bbox 1046 1451 1703 1515; x_wconf 69' lang='grc'><strong>44444444444444444444444444044444440444</strong></span> 
     </span>
     <span class='ocr_line' id='line_1_16' title="bbox 234 1537 1703 1628; baseline 0 -22"><span class='ocrx_word' id='word_1_159' title='bbox 234 1546 314 1606; x_wconf 91' lang='lat' dir='ltr'><strong>mius</strong></span> <span class='ocrx_word' id='word_1_160' title='bbox 334 1561 399 1622; x_wconf 91' lang='lat' dir='ltr'><strong>cap.</strong></span> <span class='ocrx_word' id='word_1_161' title='bbox 420 1542 477 1603; x_wconf 87' lang='grc'><strong>389</strong></span> <span class='ocrx_word' id='word_1_162' title='bbox 499 1542 537 1604; x_wconf 88' lang='grc'><strong>444</strong></span> <span class='ocrx_word' id='word_1_163' title='bbox 561 1545 591 1604; x_wconf 92' lang='lat' dir='ltr'><strong>S.</strong></span> <span class='ocrx_word' id='word_1_164' title='bbox 609 1545 644 1604; x_wconf 88' lang='lat' dir='ltr'><strong>E.</strong></span> <span class='ocrx_word' id='word_1_165' title='bbox 662 1551 693 1604; x_wconf 89' lang='grc'><strong>44</strong></span> <span class='ocrx_word' id='word_1_166' title='bbox 709 1537 745 1604; x_wconf 90' lang='lat' dir='ltr'><strong>ll.</strong></span> <span class='ocrx_word' id='word_1_167' title='bbox 763 1543 820 1605; x_wconf 88' lang='grc'><strong>447</strong></span> <span class='ocrx_word' id='word_1_168' title='bbox 842 1543 950 1607; x_wconf 82' lang='lat' dir='ltr'><strong>illustr.</strong></span> <span class='ocrx_word' id='word_1_169' title='bbox 1006 1545 1153 1628; x_wconf 80' lang='lat' dir='ltr'><strong>noloqrba</strong></span> <span class='ocrx_word' id='word_1_170' title='bbox 1170 1547 1278 1608; x_wconf 89' lang='lat' dir='ltr'><strong>lacobo</strong></span> <span class='ocrx_word' id='word_1_171' title='bbox 1298 1546 1410 1607; x_wconf 87' lang='lat' dir='ltr'><strong>Graeco</strong></span> <span class='ocrx_word' id='word_1_172' title='bbox 1436 1545 1567 1608; x_wconf 89' lang='lat' dir='ltr'><strong>Scillensi</strong></span> <span class='ocrx_word' id='word_1_173' title='bbox 1587 1546 1703 1606; x_wconf 82' lang='lat' dir='ltr'><strong>Calabro</strong></span> 
     </span>
     <span class='ocr_line' id='line_1_17' title="bbox 234 1633 1782 1718; baseline -0.002 -15"><span class='ocrx_word' id='word_1_174' title='bbox 234 1637 419 1700; x_wconf 79' lang='lat' dir='ltr'><strong>Benedictio·</strong></span> <span class='ocrx_word' id='word_1_175' title='bbox 1004 1642 1076 1704; x_wconf 88' lang='grc'><strong>0444.</strong></span> <span class='ocrx_word' id='word_1_176' title='bbox 1092 1633 1309 1703; x_wconf 80' lang='lat' dir='ltr'><strong>cistercedita</strong></span> <span class='ocrx_word' id='word_1_177' title='bbox 1327 1640 1482 1702; x_wconf 80' lang='lat' dir='ltr'><strong><em>cosentiae</em></strong></span> <span class='ocrx_word' id='word_1_178' title='bbox 1496 1655 1547 1718; x_wconf 87' lang='lat' dir='ltr'><strong>per</strong></span> <span class='ocrx_word' id='word_1_179' title='bbox 1562 1639 1703 1700; x_wconf 76' lang='lat' dir='ltr'><strong>andream</strong></span> <span class='ocrx_word' id='word_1_180' title='bbox 1781 1653 1782 1688; x_wconf 72' lang='lat' dir='ltr'><strong>i</strong></span> 
     </span>
    </p>
   </div>
   <div class='ocr_carea' id='block_1_3' title="bbox 232 1729 1782 2014">
    <p class='ocr_par' dir='ltr' id='par_1_6' title="bbox 232 1729 1782 2014">
     <span class='ocr_line' id='line_1_18' title="bbox 273 1729 1782 1812; baseline 0.001 -20"><span class='ocrx_word' id='word_1_181' title='bbox 273 1731 310 1792; x_wconf 88' lang='lat' dir='ltr'><strong>ln</strong></span> <span class='ocrx_word' id='word_1_182' title='bbox 322 1729 520 1812; x_wconf 82' lang='lat' dir='ltr'><strong>Apocalypsin</strong></span> <span class='ocrx_word' id='word_1_183' title='bbox 529 1732 708 1810; x_wconf 81' lang='lat' dir='ltr'><strong>explanatio,</strong></span> <span class='ocrx_word' id='word_1_184' title='bbox 722 1747 793 1793; x_wconf 89' lang='lat' dir='ltr'><strong>cum</strong></span> <span class='ocrx_word' id='word_1_185' title='bbox 804 1731 947 1792; x_wconf 85' lang='lat' dir='ltr'><strong>Psalterio</strong></span> <span class='ocrx_word' id='word_1_186' title='bbox 1010 1737 1163 1810; x_wconf 85' lang='lat' dir='ltr'><strong>lticcium,</strong></span> <span class='ocrx_word' id='word_1_187' title='bbox 1183 1735 1261 1796; x_wconf 76' lang='grc'><strong>4444</strong></span> <span class='ocrx_word' id='word_1_188' title='bbox 1279 1735 1309 1794; x_wconf 92' lang='grc'><strong>4.</strong></span> <span class='ocrx_word' id='word_1_189' title='bbox 1335 1731 1485 1795; x_wconf 69' lang='lat' dir='ltr'><strong>“Praeter</strong></span> <span class='ocrx_word' id='word_1_190' title='bbox 1516 1733 1653 1812; x_wconf 81' lang='lat' dir='ltr'><strong>hymnum</strong></span> <span class='ocrx_word' id='word_1_191' title='bbox 1674 1731 1706 1794; x_wconf 88' lang='lat' dir='ltr'><strong>de</strong></span> <span class='ocrx_word' id='word_1_192' title='bbox 1781 1799 1782 1802; x_wconf 49' lang='lat'><strong>,</strong></span> 
     </span>
     <span class='ocr_line' id='line_1_19' title="bbox 232 1821 1782 1909; baseline 0 -22"><span class='ocrx_word' id='word_1_193' title='bbox 232 1823 548 1887; x_wconf 84' lang='lat' dir='ltr'><strong>decemchordarum</strong></span> <span class='ocrx_word' id='word_1_194' title='bbox 578 1823 658 1886; x_wconf 86' lang='lat' dir='ltr'><strong>edita</strong></span> <span class='ocrx_word' id='word_1_195' title='bbox 689 1823 946 1887; x_wconf 79' lang='grc'><strong>4444444274.</strong></span> <span class='ocrx_word' id='word_1_196' title='bbox 1001 1829 1112 1909; x_wconf 89' lang='lat' dir='ltr'><strong>patria</strong></span> <span class='ocrx_word' id='word_1_197' title='bbox 1124 1826 1243 1889; x_wconf 88' lang='lat' dir='ltr'><strong>coelesti</strong></span> <span class='ocrx_word' id='word_1_198' title='bbox 1269 1833 1317 1888; x_wconf 88' lang='lat' dir='ltr'><strong>est</strong></span> <span class='ocrx_word' id='word_1_199' title='bbox 1330 1829 1420 1888; x_wconf 89' lang='lat' dir='ltr'><strong>etiam</strong></span> <span class='ocrx_word' id='word_1_200' title='bbox 1436 1829 1465 1886; x_wconf 88' lang='grc'><strong>44</strong></span> <span class='ocrx_word' id='word_1_201' title='bbox 1481 1825 1581 1886; x_wconf 88' lang='lat' dir='ltr'><strong>eadem</strong></span> <span class='ocrx_word' id='word_1_202' title='bbox 1596 1827 1702 1887; x_wconf 86' lang='lat' dir='ltr'><strong>Veneta</strong></span> <span class='ocrx_word' id='word_1_203' title='bbox 1780 1821 1782 1852; x_wconf 79' lang='lat'><strong>⁴</strong></span> 
     </span>
     <span class='ocr_line' id='line_1_20' title="bbox 272 1905 1782 2014; baseline -0.004 -30"><span class='ocrx_word' id='word_1_204' title='bbox 272 1905 567 1997; x_wconf 57' lang='grc' dir='ltr'><strong>14444444ωεῖ944-</strong></span> <span class='ocrx_word' id='word_1_205' title='bbox 586 1916 732 1978; x_wconf 78' lang='lat' dir='ltr'><strong>Ttiihem·</strong></span> <span class='ocrx_word' id='word_1_206' title='bbox 770 1935 775 1947; x_wconf 86' lang='grc'><em>“</em></span> <span class='ocrx_word' id='word_1_207' title='bbox 968 1997 971 2004; x_wconf 18' lang='grc' dir='ltr'><strong>Δ</strong></span> <span class='ocrx_word' id='word_1_208' title='bbox 1002 1922 1200 1984; x_wconf 84' lang='grc'><strong>4444444444.</strong></span> <span class='ocrx_word' id='word_1_209' title='bbox 1225 1920 1302 1983; x_wconf 89' lang='grc'><strong>4427</strong></span> <span class='ocrx_word' id='word_1_210' title='bbox 1323 1935 1444 1981; x_wconf 86' lang='lat' dir='ltr'><strong>carmen</strong></span> <span class='ocrx_word' id='word_1_211' title='bbox 1464 1919 1587 1980; x_wconf 90' lang='lat' dir='ltr'><strong>alterurn</strong></span> <span class='ocrx_word' id='word_1_212' title='bbox 1606 1921 1703 1979; x_wconf 87' lang='lat' dir='ltr'><strong>inseri·</strong></span> <span class='ocrx_word' id='word_1_213' title='bbox 1780 1945 1782 2014; x_wconf 61' lang='lat' dir='ltr'><strong>q</strong></span> 
     </span>
    </p>
   </div>
   <div class='ocr_carea' id='block_1_4' title="bbox 164 2008 1782 4536">
    <p class='ocr_par' dir='ltr' id='par_1_7' title="bbox 227 2008 1782 3120">
     <span class='ocr_line' id='line_1_21' title="bbox 272 2008 1782 2096; baseline -0.003 -23"><span class='ocrx_word' id='word_1_214' title='bbox 272 2011 435 2073; x_wconf 87' lang='lat' dir='ltr'><strong>oraculum</strong></span> <span class='ocrx_word' id='word_1_215' title='bbox 459 2011 492 2071; x_wconf 85' lang='lat' dir='ltr'><strong>B.</strong></span> <span class='ocrx_word' id='word_1_216' title='bbox 530 2009 639 2090; x_wconf 78' lang='lat' dir='ltr'><strong>cyrilli</strong></span> <span class='ocrx_word' id='word_1_217' title='bbox 667 2013 809 2074; x_wconf 86' lang='lat' dir='ltr'><strong>eremitae</strong></span> <span class='ocrx_word' id='word_1_218' title='bbox 837 2013 948 2073; x_wconf 88' lang='lat' dir='ltr'><strong>montis</strong></span> <span class='ocrx_word' id='word_1_219' title='bbox 1001 2013 1198 2096; x_wconf 72' lang='lat' dir='ltr'><strong>ptum-risio</strong></span> <span class='ocrx_word' id='word_1_220' title='bbox 1213 2011 1342 2075; x_wconf 82' lang='lat' dir='ltr'><strong>eiusdem</strong></span> <span class='ocrx_word' id='word_1_221' title='bbox 1362 2012 1549 2088; x_wconf 83' lang='lat' dir='ltr'><strong>(loacbimi)</strong></span> <span class='ocrx_word' id='word_1_222' title='bbox 1578 2008 1703 2090; x_wconf 74' lang='grc'><strong>4444444</strong></span> <span class='ocrx_word' id='word_1_223' title='bbox 1781 2059 1782 2066; x_wconf 71' lang='grc'>,</span> 
     </span>
     <span class='ocr_line' id='line_1_22' title="bbox 232 2102 1701 2188; baseline -0.003 -21"><span class='ocrx_word' id='word_1_224' title='bbox 232 2106 371 2182; x_wconf 89' lang='lat' dir='ltr'><strong>Carmeli,</strong></span> <span class='ocrx_word' id='word_1_225' title='bbox 381 2107 432 2185; x_wconf 91' lang='lat' dir='ltr'><strong>qui</strong></span> <span class='ocrx_word' id='word_1_226' title='bbox 454 2104 511 2167; x_wconf 81' lang='grc'><strong>44.</strong></span> <span class='ocrx_word' id='word_1_227' title='bbox 534 2105 613 2167; x_wconf 89' lang='grc'><strong>4224</strong></span> <span class='ocrx_word' id='word_1_228' title='bbox 633 2105 715 2181; x_wconf 91' lang='lat' dir='ltr'><strong>obiit,</strong></span> <span class='ocrx_word' id='word_1_229' title='bbox 736 2105 774 2166; x_wconf 90' lang='lat' dir='ltr'><strong>de</strong></span> <span class='ocrx_word' id='word_1_230' title='bbox 791 2112 872 2167; x_wconf 89' lang='lat' dir='ltr'><strong>statu</strong></span> <span class='ocrx_word' id='word_1_231' title='bbox 890 2107 948 2166; x_wconf 87' lang='lat' dir='ltr'><strong>Ec·</strong></span> <span class='ocrx_word' id='word_1_232' title='bbox 1000 2125 1039 2168; x_wconf 90' lang='lat' dir='ltr'><strong>ra</strong></span> <span class='ocrx_word' id='word_1_233' title='bbox 1071 2105 1299 2188; x_wconf 86' lang='lat' dir='ltr'><strong>ao·plnrirnnm</strong></span> <span class='ocrx_word' id='word_1_234' title='bbox 1320 2103 1516 2166; x_wconf 80' lang='grc'><strong>4444444444</strong></span> <span class='ocrx_word' id='word_1_235' title='bbox 1548 2103 1582 2164; x_wconf 87' lang='lat' dir='ltr'><strong>de</strong></span> <span class='ocrx_word' id='word_1_236' title='bbox 1609 2102 1701 2183; x_wconf 82' lang='lat' dir='ltr'><strong>qlorio</strong></span> 
     </span>
     <span class='ocr_line' id='line_1_23' title="bbox 229 2193 1782 2281; baseline -0.002 -23"><span class='ocrx_word' id='word_1_237' title='bbox 229 2198 339 2260; x_wconf 82' lang='lat' dir='ltr'><strong>clasiae</strong></span> <span class='ocrx_word' id='word_1_238' title='bbox 359 2205 391 2259; x_wconf 89' lang='grc'><strong>44</strong></span> <span class='ocrx_word' id='word_1_239' title='bbox 412 2201 529 2278; x_wconf 84' lang='lat' dir='ltr'><strong>magnis</strong></span> <span class='ocrx_word' id='word_1_240' title='bbox 550 2198 791 2260; x_wconf 77' lang='lat' dir='ltr'><strong>tribulationibus</strong></span> <span class='ocrx_word' id='word_1_241' title='bbox 804 2215 842 2260; x_wconf 86' lang='grc'><strong>44</strong></span> <span class='ocrx_word' id='word_1_242' title='bbox 858 2193 946 2259; x_wconf 87' lang='lat' dir='ltr'><strong>modo</strong></span> <span class='ocrx_word' id='word_1_243' title='bbox 996 2199 1139 2281; x_wconf 84' lang='lat' dir='ltr'><strong>paradisi</strong></span> <span class='ocrx_word' id='word_1_244' title='bbox 1167 2201 1454 2262; x_wconf 83' lang='lat' dir='ltr'><strong>Commentariorum</strong></span> <span class='ocrx_word' id='word_1_245' title='bbox 1485 2199 1514 2257; x_wconf 91' lang='grc'><strong>44</strong></span> <span class='ocrx_word' id='word_1_246' title='bbox 1549 2196 1697 2258; x_wconf 85' lang='grc'><strong>4444444444</strong></span> <span class='ocrx_word' id='word_1_247' title='bbox 1781 2211 1782 2218; x_wconf 61' lang='grc'><strong>“</strong></span> 
     </span>
     <span class='ocr_line' id='line_1_24' title="bbox 229 2290 1701 2370; baseline -0.002 -17"><span class='ocrx_word' id='word_1_248' title='bbox 229 2307 328 2370; x_wconf 90' lang='lat' dir='ltr'><strong>usqne</strong></span> <span class='ocrx_word' id='word_1_249' title='bbox 349 2293 379 2353; x_wconf 91' lang='lat' dir='ltr'><strong>in</strong></span> <span class='ocrx_word' id='word_1_250' title='bbox 410 2291 502 2352; x_wconf 88' lang='grc'><strong>444444</strong></span> <span class='ocrx_word' id='word_1_251' title='bbox 534 2291 646 2366; x_wconf 84' lang='lat' dir='ltr'><strong>seculi,</strong></span> <span class='ocrx_word' id='word_1_252' title='bbox 670 2300 702 2352; x_wconf 92' lang='lat' dir='ltr'><strong>et</strong></span> <span class='ocrx_word' id='word_1_253' title='bbox 727 2291 887 2370; x_wconf 86' lang='lat' dir='ltr'><strong>specialius</strong></span> <span class='ocrx_word' id='word_1_254' title='bbox 908 2291 945 2353; x_wconf 90' lang='lat' dir='ltr'><strong>de</strong></span> <span class='ocrx_word' id='word_1_255' title='bbox 998 2293 1088 2355; x_wconf 89' lang='lat' dir='ltr'><strong>editio</strong></span> <span class='ocrx_word' id='word_1_256' title='bbox 1108 2299 1156 2354; x_wconf 90' lang='lat' dir='ltr'><strong>est</strong></span> <span class='ocrx_word' id='word_1_257' title='bbox 1176 2293 1270 2353; x_wconf 88' lang='grc'><strong>444444</strong></span> <span class='ocrx_word' id='word_1_258' title='bbox 1294 2294 1331 2352; x_wconf 90' lang='lat' dir='ltr'><strong>iis</strong></span> <span class='ocrx_word' id='word_1_259' title='bbox 1351 2291 1500 2366; x_wconf 90' lang='lat' dir='ltr'><strong>omnibus,</strong></span> <span class='ocrx_word' id='word_1_260' title='bbox 1521 2307 1593 2370; x_wconf 84' lang='lat' dir='ltr'><strong>quos</strong></span> <span class='ocrx_word' id='word_1_261' title='bbox 1612 2290 1701 2352; x_wconf 87' lang='lat' dir='ltr'><strong>Fabri·</strong></span> 
     </span>
     <span class='ocr_line' id='line_1_25' title="bbox 228 2383 1782 2463; baseline -0.001 -19"><span class='ocrx_word' id='word_1_262' title='bbox 228 2383 378 2445; x_wconf 85' lang='lat' dir='ltr'><strong>horrendo</strong></span> <span class='ocrx_word' id='word_1_263' title='bbox 394 2385 444 2444; x_wconf 88' lang='grc'><strong>4444</strong></span> <span class='ocrx_word' id='word_1_264' title='bbox 460 2385 623 2446; x_wconf 90' lang='lat' dir='ltr'><strong>schismate</strong></span> <span class='ocrx_word' id='word_1_265' title='bbox 641 2387 779 2462; x_wconf 79' lang='lat' dir='ltr'><strong>mysticis</strong></span> <span class='ocrx_word' id='word_1_266' title='bbox 796 2385 946 2447; x_wconf 80' lang='grc'><strong>44444444·</strong></span> <span class='ocrx_word' id='word_1_267' title='bbox 998 2389 1064 2451; x_wconf 89' lang='lat' dir='ltr'><strong>cius</strong></span> <span class='ocrx_word' id='word_1_268' title='bbox 1085 2387 1133 2447; x_wconf 93' lang='lat' dir='ltr'><strong>bic</strong></span> <span class='ocrx_word' id='word_1_269' title='bbox 1154 2383 1255 2448; x_wconf 88' lang='lat' dir='ltr'><strong>laudat</strong></span> <span class='ocrx_word' id='word_1_270' title='bbox 1275 2385 1445 2463; x_wconf 88' lang='lat' dir='ltr'><strong>antiquior,</strong></span> <span class='ocrx_word' id='word_1_271' title='bbox 1466 2385 1575 2445; x_wconf 86' lang='lat' dir='ltr'><strong>Veneta</strong></span> <span class='ocrx_word' id='word_1_272' title='bbox 1594 2384 1698 2444; x_wconf 89' lang='lat' dir='ltr'><strong>scilicet</strong></span> <span class='ocrx_word' id='word_1_273' title='bbox 1781 2425 1782 2456; x_wconf 85' lang='lat'><strong>,</strong></span> 
     </span>
     <span class='ocr_line' id='line_1_26' title="bbox 230 2477 1700 2557; baseline -0.001 -19"><span class='ocrx_word' id='word_1_274' title='bbox 230 2479 297 2554; x_wconf 89' lang='lat' dir='ltr'><strong>sti,</strong></span> <span class='ocrx_word' id='word_1_275' title='bbox 324 2479 530 2556; x_wconf 89' lang='lat' dir='ltr'><strong>praecursoris</strong></span> <span class='ocrx_word' id='word_1_276' title='bbox 561 2480 625 2540; x_wconf 88' lang='lat' dir='ltr'><strong>veri</strong></span> <span class='ocrx_word' id='word_1_277' title='bbox 666 2477 844 2539; x_wconf 77' lang='lat' dir='ltr'><strong>Antichristi</strong></span> <span class='ocrx_word' id='word_1_278' title='bbox 874 2495 945 2540; x_wconf 90' lang='lat' dir='ltr'><strong>aum</strong></span> <span class='ocrx_word' id='word_1_279' title='bbox 1003 2497 1051 2542; x_wconf 88' lang='grc'><strong>44.</strong></span> <span class='ocrx_word' id='word_1_280' title='bbox 1075 2479 1152 2542; x_wconf 87' lang='grc'><strong>4444</strong></span> <span class='ocrx_word' id='word_1_281' title='bbox 1170 2495 1223 2557; x_wconf 88' lang='lat' dir='ltr'><strong>per</strong></span> <span class='ocrx_word' id='word_1_282' title='bbox 1240 2480 1384 2540; x_wconf 83' lang='lat' dir='ltr'><strong>Lazarum</strong></span> <span class='ocrx_word' id='word_1_283' title='bbox 1405 2477 1442 2538; x_wconf 89' lang='grc'><strong>44</strong></span> <span class='ocrx_word' id='word_1_284' title='bbox 1460 2477 1576 2540; x_wconf 85' lang='grc'><strong>8444444</strong></span> <span class='ocrx_word' id='word_1_285' title='bbox 1589 2479 1617 2536; x_wconf 90' lang='grc'><strong>44</strong></span> <span class='ocrx_word' id='word_1_286' title='bbox 1634 2479 1650 2536; x_wconf 91' lang='grc'><strong>4</strong></span> <span class='ocrx_word' id='word_1_287' title='bbox 1665 2493 1700 2538; x_wconf 79' lang='lat' dir='ltr'><strong>es</strong></span> 
     </span>
     <span class='ocr_line' id='line_1_27' title="bbox 230 2561 1698 2653; baseline -0.001 -23"><span class='ocrx_word' id='word_1_288' title='bbox 230 2572 417 2650; x_wconf 85' lang='lat' dir='ltr'><strong>expositione</strong></span> <span class='ocrx_word' id='word_1_289' title='bbox 438 2572 563 2633; x_wconf 80' lang='lat' dir='ltr'><strong>abbatis</strong></span> <span class='ocrx_word' id='word_1_290' title='bbox 590 2571 753 2646; x_wconf 83' lang='lat' dir='ltr'><strong>inachimi,</strong></span> <span class='ocrx_word' id='word_1_291' title='bbox 774 2579 806 2632; x_wconf 89' lang='lat' dir='ltr'><strong>et</strong></span> <span class='ocrx_word' id='word_1_292' title='bbox 828 2575 945 2636; x_wconf 89' lang='lat' dir='ltr'><strong>mutuis</strong></span> <span class='ocrx_word' id='word_1_293' title='bbox 1002 2561 1698 2653; x_wconf 73' lang='grc'><strong>444444444444444444444444444444444444444,</strong></span> 
     </span>
     <span class='ocr_line' id='line_1_28' title="bbox 228 2662 1698 2744; baseline -0.003 -19"><span class='ocrx_word' id='word_1_294' title='bbox 228 2665 387 2743; x_wconf 87' lang='lat' dir='ltr'><strong>utriusque</strong></span> <span class='ocrx_word' id='word_1_295' title='bbox 404 2663 554 2744; x_wconf 65' lang='lat' dir='ltr'><strong>apsentis,</strong></span> <span class='ocrx_word' id='word_1_296' title='bbox 571 2665 677 2726; x_wconf 88' lang='lat' dir='ltr'><strong>Venet.</strong></span> <span class='ocrx_word' id='word_1_297' title='bbox 695 2665 773 2728; x_wconf 90' lang='grc'><strong>4447</strong></span> <span class='ocrx_word' id='word_1_298' title='bbox 792 2667 819 2727; x_wconf 89' lang='grc'><strong>4.</strong></span> <span class='ocrx_word' id='word_1_299' title='bbox 837 2673 869 2726; x_wconf 91' lang='grc'><strong>44</strong></span> <span class='ocrx_word' id='word_1_300' title='bbox 886 2668 944 2729; x_wconf 85' lang='lat' dir='ltr'><strong>ils.</strong></span> <span class='ocrx_word' id='word_1_301' title='bbox 1002 2667 1169 2728; x_wconf 84' lang='lat' dir='ltr'><strong>Ecclesiam</strong></span> <span class='ocrx_word' id='word_1_302' title='bbox 1186 2665 1227 2726; x_wconf 89' lang='lat' dir='ltr'><strong>illi</strong></span> <span class='ocrx_word' id='word_1_303' title='bbox 1245 2665 1405 2743; x_wconf 82' lang='lat' dir='ltr'><strong>persimile,</strong></span> <span class='ocrx_word' id='word_1_304' title='bbox 1422 2663 1499 2742; x_wconf 89' lang='lat' dir='ltr'><strong>quod</strong></span> <span class='ocrx_word' id='word_1_305' title='bbox 1517 2663 1563 2724; x_wconf 86' lang='lat' dir='ltr'><strong>hio</strong></span> <span class='ocrx_word' id='word_1_306' title='bbox 1579 2662 1698 2724; x_wconf 78' lang='grc'><strong>4444444-</strong></span> 
     </span>
     <span class='ocr_line' id='line_1_29' title="bbox 227 2756 1697 2836; baseline -0.001 -18"><span class='ocrx_word' id='word_1_307' title='bbox 227 2775 298 2820; x_wconf 91' lang='lat' dir='ltr'><strong>cum</strong></span> <span class='ocrx_word' id='word_1_308' title='bbox 321 2761 400 2820; x_wconf 90' lang='lat' dir='ltr'><strong>notis</strong></span> <span class='ocrx_word' id='word_1_309' title='bbox 420 2760 545 2820; x_wconf 88' lang='lat' dir='ltr'><strong>loannis</strong></span> <span class='ocrx_word' id='word_1_310' title='bbox 566 2758 603 2820; x_wconf 88' lang='grc'><strong>444</strong></span> <span class='ocrx_word' id='word_1_311' title='bbox 621 2761 747 2836; x_wconf 82' lang='lat' dir='ltr'><strong>Leaena,</strong></span> <span class='ocrx_word' id='word_1_312' title='bbox 765 2759 944 2822; x_wconf 86' lang='lat' dir='ltr'><strong>Carmelitae</strong></span> <span class='ocrx_word' id='word_1_313' title='bbox 998 2761 1044 2820; x_wconf 92' lang='grc'><strong>444</strong></span> <span class='ocrx_word' id='word_1_314' title='bbox 1064 2758 1162 2832; x_wconf 83' lang='lat' dir='ltr'><strong>datm,</strong></span> <span class='ocrx_word' id='word_1_315' title='bbox 1183 2759 1262 2820; x_wconf 89' lang='lat' dir='ltr'><strong>eruit</strong></span> <span class='ocrx_word' id='word_1_316' title='bbox 1284 2756 1441 2836; x_wconf 82' lang='lat' dir='ltr'><strong>lllyricus;</strong></span> <span class='ocrx_word' id='word_1_317' title='bbox 1462 2756 1514 2818; x_wconf 87' lang='lat' dir='ltr'><strong>sed</strong></span> <span class='ocrx_word' id='word_1_318' title='bbox 1535 2757 1638 2818; x_wconf 80' lang='lat' dir='ltr'><strong>trustra</strong></span> <span class='ocrx_word' id='word_1_319' title='bbox 1666 2771 1697 2815; x_wconf 88' lang='lat' dir='ltr'><strong>se</strong></span> 
     </span>
     <span class='ocr_line' id='line_1_30' title="bbox 228 2848 1697 2931; baseline -0.005 -17"><span class='ocrx_word' id='word_1_320' title='bbox 228 2852 361 2931; x_wconf 81' lang='lat' dir='ltr'><strong>Hispani.</strong></span> <span class='ocrx_word' id='word_1_321' title='bbox 390 2853 530 2914; x_wconf 89' lang='lat' dir='ltr'><strong>Necnon</strong></span> <span class='ocrx_word' id='word_1_322' title='bbox 567 2853 669 2915; x_wconf 88' lang='lat' dir='ltr'><strong>italice</strong></span> <span class='ocrx_word' id='word_1_323' title='bbox 695 2871 765 2915; x_wconf 89' lang='lat' dir='ltr'><strong>cum</strong></span> <span class='ocrx_word' id='word_1_324' title='bbox 788 2855 866 2914; x_wconf 88' lang='lat' dir='ltr'><strong>notis</strong></span> <span class='ocrx_word' id='word_1_325' title='bbox 888 2853 949 2914; x_wconf 85' lang='grc'><strong>44-</strong></span> <span class='ocrx_word' id='word_1_326' title='bbox 1001 2850 1075 2913; x_wconf 91' lang='lat' dir='ltr'><strong>illud</strong></span> <span class='ocrx_word' id='word_1_327' title='bbox 1107 2851 1296 2928; x_wconf 85' lang='lat' dir='ltr'><strong>quaesivisse</strong></span> <span class='ocrx_word' id='word_1_328' title='bbox 1326 2849 1364 2912; x_wconf 90' lang='lat' dir='ltr'><strong>oi.</strong></span> <span class='ocrx_word' id='word_1_329' title='bbox 1394 2848 1552 2910; x_wconf 83' lang='grc'><strong>4444441444</strong></span> <span class='ocrx_word' id='word_1_330' title='bbox 1579 2850 1607 2907; x_wconf 90' lang='grc'><strong>44</strong></span> <span class='ocrx_word' id='word_1_331' title='bbox 1627 2849 1697 2907; x_wconf 74' lang='lat' dir='ltr'><strong>nous</strong></span> 
     </span>
     <span class='ocr_line' id='line_1_31' title="bbox 232 2940 1696 3028; baseline -0.004 -22"><span class='ocrx_word' id='word_1_332' title='bbox 232 2945 320 3006; x_wconf 83' lang='lat' dir='ltr'><strong>ssimi</strong></span> <span class='ocrx_word' id='word_1_333' title='bbox 356 2947 495 3028; x_wconf 80' lang='lat' dir='ltr'><strong>Episcopi</strong></span> <span class='ocrx_word' id='word_1_334' title='bbox 532 2948 688 3010; x_wconf 89' lang='lat' dir='ltr'><strong>blarsicani</strong></span> <span class='ocrx_word' id='word_1_335' title='bbox 725 2949 831 3009; x_wconf 81' lang='lat' dir='ltr'><strong>venet.</strong></span> <span class='ocrx_word' id='word_1_336' title='bbox 870 2947 947 3010; x_wconf 85' lang='grc'><strong>4449</strong></span> <span class='ocrx_word' id='word_1_337' title='bbox 1001 2943 1038 3006; x_wconf 87' lang='grc'><strong>444</strong></span> <span class='ocrx_word' id='word_1_338' title='bbox 1060 2944 1227 3022; x_wconf 83' lang='lat' dir='ltr'><strong>catalogum</strong></span> <span class='ocrx_word' id='word_1_339' title='bbox 1248 2943 1323 3005; x_wconf 85' lang='lat' dir='ltr'><strong>liibl.</strong></span> <span class='ocrx_word' id='word_1_340' title='bbox 1345 2944 1463 3006; x_wconf 82' lang='lat' dir='ltr'><strong>Civicae</strong></span> <span class='ocrx_word' id='word_1_341' title='bbox 1484 2941 1601 3003; x_wconf 80' lang='lat' dir='ltr'><strong>vindob.</strong></span> <span class='ocrx_word' id='word_1_342' title='bbox 1620 2959 1645 3020; x_wconf 95' lang='lat' dir='ltr'><strong>p.</strong></span> <span class='ocrx_word' id='word_1_343' title='bbox 1662 2940 1696 3000; x_wconf 81' lang='lat' dir='ltr'><strong>ts</strong></span> 
     </span>
     <span class='ocr_line' id='line_1_32' title="bbox 236 3033 1696 3120; baseline -0.006 -20"><span class='ocrx_word' id='word_1_344' title='bbox 236 3039 314 3100; x_wconf 87' lang='grc'><strong>4446</strong></span> <span class='ocrx_word' id='word_1_345' title='bbox 335 3041 363 3100; x_wconf 93' lang='grc'><strong>4.</strong></span> <span class='ocrx_word' id='word_1_346' title='bbox 1001 3043 1141 3098; x_wconf 73' lang='lat' dir='ltr'><strong>metatur.</strong></span> <span class='ocrx_word' id='word_1_347' title='bbox 1163 3037 1210 3097; x_wconf 79' lang='lat' dir='ltr'><strong>Aa</strong></span> <span class='ocrx_word' id='word_1_348' title='bbox 1232 3053 1305 3098; x_wconf 84' lang='lat' dir='ltr'><strong>vero</strong></span> <span class='ocrx_word' id='word_1_349' title='bbox 1324 3051 1360 3120; x_wconf 87' lang='lat' dir='ltr'><strong>ea</strong></span> <span class='ocrx_word' id='word_1_350' title='bbox 1380 3035 1487 3096; x_wconf 87' lang='lat' dir='ltr'><strong>saltem</strong></span> <span class='ocrx_word' id='word_1_351' title='bbox 1503 3049 1577 3112; x_wconf 90' lang='lat' dir='ltr'><strong>quae</strong></span> <span class='ocrx_word' id='word_1_352' title='bbox 1593 3033 1637 3093; x_wconf 89' lang='lat' dir='ltr'><strong>hio</strong></span> <span class='ocrx_word' id='word_1_353' title='bbox 1649 3034 1696 3092; x_wconf 84' lang='lat' dir='ltr'><strong>Fa·</strong></span> 
     </span>
    </p>

    <p class='ocr_par' dir='ltr' id='par_1_8' title="bbox 231 3125 1695 3301">
     <span class='ocr_line' id='line_1_33' title="bbox 268 3125 1694 3212; baseline -0.006 -19"><span class='ocrx_word' id='word_1_354' title='bbox 268 3131 305 3193; x_wconf 90' lang='lat' dir='ltr'><strong>ln</strong></span> <span class='ocrx_word' id='word_1_355' title='bbox 327 3131 516 3212; x_wconf 73' lang='grc'><strong>4444444444</strong></span> <span class='ocrx_word' id='word_1_356' title='bbox 532 3133 617 3195; x_wconf 88' lang='lat' dir='ltr'><strong>Vatis</strong></span> <span class='ocrx_word' id='word_1_357' title='bbox 634 3133 807 3211; x_wconf 84' lang='lat' dir='ltr'><strong>Britannici,</strong></span> <span class='ocrx_word' id='word_1_358' title='bbox 820 3130 947 3207; x_wconf 85' lang='lat' dir='ltr'><strong>llerlinr&#39;,</strong></span> <span class='ocrx_word' id='word_1_359' title='bbox 1001 3130 1112 3191; x_wconf 88' lang='lat' dir='ltr'><strong>bricius</strong></span> <span class='ocrx_word' id='word_1_360' title='bbox 1143 3131 1269 3202; x_wconf 87' lang='lat' dir='ltr'><strong>recitat,</strong></span> <span class='ocrx_word' id='word_1_361' title='bbox 1290 3131 1320 3189; x_wconf 92' lang='grc'><strong>44</strong></span> <span class='ocrx_word' id='word_1_362' title='bbox 1341 3143 1377 3190; x_wconf 86' lang='grc'><strong>44</strong></span> <span class='ocrx_word' id='word_1_363' title='bbox 1399 3125 1472 3187; x_wconf 89' lang='lat' dir='ltr'><strong>libro</strong></span> <span class='ocrx_word' id='word_1_364' title='bbox 1491 3129 1694 3198; x_wconf 87' lang='lat' dir='ltr'><strong>contineantur,</strong></span> 
     </span>
     <span class='ocr_line' id='line_1_34' title="bbox 231 3219 1695 3301; baseline -0.009 -12"><span class='ocrx_word' id='word_1_365' title='bbox 231 3225 748 3289; x_wconf 73' lang='grc'><strong>44844444444444444444441444</strong></span> <span class='ocrx_word' id='word_1_366' title='bbox 769 3225 799 3286; x_wconf 90' lang='lat' dir='ltr'><strong>S.</strong></span> <span class='ocrx_word' id='word_1_367' title='bbox 820 3227 949 3288; x_wconf 87' lang='lat' dir='ltr'><strong>llartini.</strong></span> <span class='ocrx_word' id='word_1_368' title='bbox 1002 3225 1161 3301; x_wconf 85' lang='lat' dir='ltr'><strong>exquirere</strong></span> <span class='ocrx_word' id='word_1_369' title='bbox 1182 3239 1240 3284; x_wconf 92' lang='lat' dir='ltr'><strong>uon</strong></span> <span class='ocrx_word' id='word_1_370' title='bbox 1262 3228 1358 3284; x_wconf 89' lang='lat' dir='ltr'><strong>vacat.</strong></span> <span class='ocrx_word' id='word_1_371' title='bbox 1380 3221 1504 3284; x_wconf 83' lang='lat' dir='ltr'><strong>Constat</strong></span> <span class='ocrx_word' id='word_1_372' title='bbox 1523 3226 1618 3281; x_wconf 82' lang='grc'><strong>444444</strong></span> <span class='ocrx_word' id='word_1_373' title='bbox 1635 3219 1695 3276; x_wconf 91' lang='lat' dir='ltr'><strong>loa·</strong></span> 
     </span>
    </p>

    <p class='ocr_par' dir='ltr' id='par_1_9' title="bbox 164 3311 1696 4329">
     <span class='ocr_line' id='line_1_35' title="bbox 267 3311 1696 3400; baseline -0.007 -22"><span class='ocrx_word' id='word_1_374' title='bbox 267 3317 305 3378; x_wconf 90' lang='lat' dir='ltr'><strong>ln</strong></span> <span class='ocrx_word' id='word_1_375' title='bbox 316 3316 505 3398; x_wconf 77' lang='lat' dir='ltr'><strong>prophanam</strong></span> <span class='ocrx_word' id='word_1_376' title='bbox 518 3317 718 3400; x_wconf 69' lang='lat' dir='ltr'><strong>Erythraeae,</strong></span> <span class='ocrx_word' id='word_1_377' title='bbox 736 3321 877 3400; x_wconf 82' lang='lat' dir='ltr'><strong>Sibyllae.</strong></span> <span class='ocrx_word' id='word_1_378' title='bbox 1003 3316 1122 3378; x_wconf 81' lang='lat' dir='ltr'><strong>cisimus</strong></span> <span class='ocrx_word' id='word_1_379' title='bbox 1142 3314 1190 3376; x_wconf 89' lang='lat' dir='ltr'><strong>bis</strong></span> <span class='ocrx_word' id='word_1_380' title='bbox 1211 3315 1312 3376; x_wconf 82' lang='lat' dir='ltr'><strong>verbis</strong></span> <span class='ocrx_word' id='word_1_381' title='bbox 1333 3313 1443 3376; x_wconf 89' lang='lat' dir='ltr'><strong>nullam</strong></span> <span class='ocrx_word' id='word_1_382' title='bbox 1465 3311 1610 3374; x_wconf 85' lang='lat' dir='ltr'><strong>doctrinae</strong></span> <span class='ocrx_word' id='word_1_383' title='bbox 1632 3313 1696 3371; x_wconf 79' lang='lat' dir='ltr'><strong>aba</strong></span> 
     </span>
     <span class='ocr_line' id='line_1_36' title="bbox 164 3407 1695 3487; baseline -0.007 -14"><span class='ocrx_word' id='word_1_384' title='bbox 164 3434 168 3445; x_wconf 89' lang='lat'><strong>·</strong></span> <span class='ocrx_word' id='word_1_385' title='bbox 270 3412 357 3472; x_wconf 87' lang='lat' dir='ltr'><strong>Liber</strong></span> <span class='ocrx_word' id='word_1_386' title='bbox 385 3419 491 3474; x_wconf 88' lang='lat' dir='ltr'><strong>contra</strong></span> <span class='ocrx_word' id='word_1_387' title='bbox 522 3414 644 3475; x_wconf 86' lang='lat' dir='ltr'><strong>Petrum</strong></span> <span class='ocrx_word' id='word_1_388' title='bbox 670 3413 891 3487; x_wconf 83' lang='lat' dir='ltr'><strong>Lombardnm,</strong></span> <span class='ocrx_word' id='word_1_389' title='bbox 912 3411 949 3474; x_wconf 86' lang='lat' dir='ltr'><strong>de</strong></span> <span class='ocrx_word' id='word_1_390' title='bbox 1002 3411 1148 3470; x_wconf 90' lang='lat' dir='ltr'><strong>rationem</strong></span> <span class='ocrx_word' id='word_1_391' title='bbox 1170 3407 1313 3470; x_wconf 83' lang='lat' dir='ltr'><strong>ecclesiae</strong></span> <span class='ocrx_word' id='word_1_392' title='bbox 1344 3409 1491 3468; x_wconf 84' lang='lat' dir='ltr'><strong>Romanae</strong></span> <span class='ocrx_word' id='word_1_393' title='bbox 1520 3407 1695 3484; x_wconf 87' lang='lat' dir='ltr'><strong>imputassae.</strong></span> 
     </span>
     <span class='ocr_line' id='line_1_37' title="bbox 228 3495 1695 3584; baseline -0.007 -20"><span class='ocrx_word' id='word_1_394' title='bbox 228 3503 352 3580; x_wconf 84' lang='grc'><strong>44444444,</strong></span> <span class='ocrx_word' id='word_1_395' title='bbox 369 3519 424 3564; x_wconf 82' lang='lat' dir='ltr'><strong>sea</strong></span> <span class='ocrx_word' id='word_1_396' title='bbox 440 3505 569 3567; x_wconf 81' lang='lat' dir='ltr'><strong>essentia</strong></span> <span class='ocrx_word' id='word_1_397' title='bbox 589 3508 642 3569; x_wconf 88' lang='lat' dir='ltr'><strong>SS.</strong></span> <span class='ocrx_word' id='word_1_398' title='bbox 669 3505 824 3567; x_wconf 77' lang='lat' dir='ltr'><strong>irinltatr&#39;s</strong></span> <span class='ocrx_word' id='word_1_399' title='bbox 840 3507 866 3582; x_wconf 87' lang='grc'><strong>4)</strong></span> <span class='ocrx_word' id='word_1_400' title='bbox 888 3523 947 3584; x_wconf 92' lang='lat' dir='ltr'><strong>quo</strong></span> <span class='ocrx_word' id='word_1_401' title='bbox 979 3545 983 3553; x_wconf 93' lang='lat'><strong>.</strong></span> <span class='ocrx_word' id='word_1_402' title='bbox 1000 3503 1074 3575; x_wconf 90' lang='lat' dir='ltr'><strong>Nam</strong></span> <span class='ocrx_word' id='word_1_403' title='bbox 1096 3503 1125 3561; x_wconf 92' lang='grc'><strong>44</strong></span> <span class='ocrx_word' id='word_1_404' title='bbox 1147 3502 1244 3582; x_wconf 90' lang='lat' dir='ltr'><strong>capite</strong></span> <span class='ocrx_word' id='word_1_405' title='bbox 1260 3503 1358 3582; x_wconf 85' lang='lat' dir='ltr'><strong>operis</strong></span> <span class='ocrx_word' id='word_1_406' title='bbox 1371 3499 1578 3562; x_wconf 81' lang='lat' dir='ltr'><strong>decantandis</strong></span> <span class='ocrx_word' id='word_1_407' title='bbox 1593 3495 1695 3557; x_wconf 84' lang='lat' dir='ltr'><strong>veteris</strong></span> 
     </span>
     <span class='ocr_line' id='line_1_38' title="bbox 229 3587 1694 3675; baseline -0.006 -20"><span class='ocrx_word' id='word_1_408' title='bbox 229 3595 438 3675; x_wconf 88' lang='lat' dir='ltr'><strong>disputaverat</strong></span> <span class='ocrx_word' id='word_1_409' title='bbox 457 3599 699 3670; x_wconf 83' lang='lat' dir='ltr'><strong>Quaternitetem</strong></span> <span class='ocrx_word' id='word_1_410' title='bbox 715 3599 753 3659; x_wconf 88' lang='lat' dir='ltr'><strong>ab</strong></span> <span class='ocrx_word' id='word_1_411' title='bbox 774 3599 823 3660; x_wconf 93' lang='lat' dir='ltr'><strong>illo</strong></span> <span class='ocrx_word' id='word_1_412' title='bbox 838 3599 948 3673; x_wconf 87' lang='lat' dir='ltr'><strong>induci,</strong></span> <span class='ocrx_word' id='word_1_413' title='bbox 1000 3600 1032 3656; x_wconf 88' lang='grc'><strong>44</strong></span> <span class='ocrx_word' id='word_1_414' title='bbox 1052 3593 1128 3654; x_wconf 87' lang='lat' dir='ltr'><strong>Nori</strong></span> <span class='ocrx_word' id='word_1_415' title='bbox 1147 3596 1332 3656; x_wconf 87' lang='lat' dir='ltr'><strong>Testamenti</strong></span> <span class='ocrx_word' id='word_1_416' title='bbox 1352 3593 1503 3656; x_wconf 86' lang='lat' dir='ltr'><strong>Ecclesiae</strong></span> <span class='ocrx_word' id='word_1_417' title='bbox 1522 3593 1601 3654; x_wconf 83' lang='lat' dir='ltr'><strong>Rom.</strong></span> <span class='ocrx_word' id='word_1_418' title='bbox 1625 3587 1694 3667; x_wconf 79' lang='lat' dir='ltr'><strong>judi</strong></span> 
     </span>
     <span class='ocr_line' id='line_1_39' title="bbox 229 3683 1695 3770; baseline -0.006 -19"><span class='ocrx_word' id='word_1_419' title='bbox 229 3688 309 3767; x_wconf 88' lang='lat' dir='ltr'><strong>quod</strong></span> <span class='ocrx_word' id='word_1_420' title='bbox 331 3687 379 3748; x_wconf 91' lang='lat' dir='ltr'><strong>lib.</strong></span> <span class='ocrx_word' id='word_1_421' title='bbox 403 3691 429 3750; x_wconf 94' lang='grc'><strong>4.</strong></span> <span class='ocrx_word' id='word_1_422' title='bbox 453 3691 629 3751; x_wconf 88' lang='lat' dir='ltr'><strong>sententiar.</strong></span> <span class='ocrx_word' id='word_1_423' title='bbox 661 3690 732 3751; x_wconf 90' lang='lat' dir='ltr'><strong>dist.</strong></span> <span class='ocrx_word' id='word_1_424' title='bbox 754 3692 789 3751; x_wconf 87' lang='lat' dir='ltr'><strong>V.</strong></span> <span class='ocrx_word' id='word_1_425' title='bbox 810 3691 948 3770; x_wconf 89' lang='lat' dir='ltr'><strong>scripsis-</strong></span> <span class='ocrx_word' id='word_1_426' title='bbox 999 3690 1045 3749; x_wconf 90' lang='lat' dir='ltr'><strong>cio</strong></span> <span class='ocrx_word' id='word_1_427' title='bbox 1065 3688 1155 3749; x_wconf 91' lang='lat' dir='ltr'><strong>libros</strong></span> <span class='ocrx_word' id='word_1_428' title='bbox 1176 3703 1248 3749; x_wconf 89' lang='lat' dir='ltr'><strong>suos</strong></span> <span class='ocrx_word' id='word_1_429' title='bbox 1267 3703 1371 3748; x_wconf 90' lang='lat' dir='ltr'><strong>omnes</strong></span> <span class='ocrx_word' id='word_1_430' title='bbox 1393 3685 1567 3761; x_wconf 79' lang='lat' dir='ltr'><strong>submittit3</strong></span> <span class='ocrx_word' id='word_1_431' title='bbox 1597 3683 1695 3763; x_wconf 75' lang='lat' dir='ltr'><strong>proies·</strong></span> 
     </span>
     <span class='ocr_line' id='line_1_40' title="bbox 232 3773 1694 3864; baseline -0.005 -22"><span class='ocrx_word' id='word_1_432' title='bbox 232 3789 298 3842; x_wconf 90' lang='lat' dir='ltr'><strong>set:</strong></span> <span class='ocrx_word' id='word_1_433' title='bbox 325 3782 468 3860; x_wconf 84' lang='lat' dir='ltr'><strong>Patrem,</strong></span> <span class='ocrx_word' id='word_1_434' title='bbox 496 3780 662 3844; x_wconf 72' lang='lat' dir='ltr'><strong>etlilium</strong></span> <span class='ocrx_word' id='word_1_435' title='bbox 689 3788 719 3844; x_wconf 91' lang='lat' dir='ltr'><strong>et</strong></span> <span class='ocrx_word' id='word_1_436' title='bbox 744 3781 891 3864; x_wconf 75' lang='lat' dir='ltr'><strong>spiritam</strong></span> <span class='ocrx_word' id='word_1_437' title='bbox 916 3785 946 3846; x_wconf 86' lang='lat' dir='ltr'><strong>S.</strong></span> <span class='ocrx_word' id='word_1_438' title='bbox 1001 3795 1055 3842; x_wconf 92' lang='lat' dir='ltr'><strong>sus</strong></span> <span class='ocrx_word' id='word_1_439' title='bbox 1075 3797 1107 3842; x_wconf 86' lang='lat' dir='ltr'><strong>se</strong></span> <span class='ocrx_word' id='word_1_440' title='bbox 1127 3778 1258 3842; x_wconf 83' lang='lat' dir='ltr'><strong>abiicere</strong></span> <span class='ocrx_word' id='word_1_441' title='bbox 1274 3779 1353 3860; x_wconf 88' lang='lat' dir='ltr'><strong>qnod</strong></span> <span class='ocrx_word' id='word_1_442' title='bbox 1363 3775 1429 3858; x_wconf 87' lang='lat' dir='ltr'><strong>ipso</strong></span> <span class='ocrx_word' id='word_1_443' title='bbox 1450 3775 1561 3853; x_wconf 86' lang='lat' dir='ltr'><strong>abiicit,</strong></span> <span class='ocrx_word' id='word_1_444' title='bbox 1576 3783 1604 3838; x_wconf 92' lang='grc'><strong>44</strong></span> <span class='ocrx_word' id='word_1_445' title='bbox 1612 3773 1694 3838; x_wconf 83' lang='grc'><strong>44444-</strong></span> 
     </span>
     <span class='ocr_line' id='line_1_41' title="bbox 230 3868 1691 3958; baseline -0.005 -22"><span class='ocrx_word' id='word_1_446' title='bbox 230 3873 382 3956; x_wconf 85' lang='lat' dir='ltr'><strong>qaandam</strong></span> <span class='ocrx_word' id='word_1_447' title='bbox 394 3891 543 3936; x_wconf 83' lang='lat' dir='ltr'><strong>sommam</strong></span> <span class='ocrx_word' id='word_1_448' title='bbox 563 3891 628 3936; x_wconf 88' lang='lat' dir='ltr'><strong>esse</strong></span> <span class='ocrx_word' id='word_1_449' title='bbox 645 3893 722 3950; x_wconf 87' lang='lat' dir='ltr'><strong>rem,</strong></span> <span class='ocrx_word' id='word_1_450' title='bbox 750 3893 828 3958; x_wconf 86' lang='lat' dir='ltr'><strong>qaae</strong></span> <span class='ocrx_word' id='word_1_451' title='bbox 854 3893 948 3956; x_wconf 83' lang='lat' dir='ltr'><strong>neque</strong></span> <span class='ocrx_word' id='word_1_452' title='bbox 996 3891 1070 3956; x_wconf 82' lang='lat' dir='ltr'><strong>pere</strong></span> <span class='ocrx_word' id='word_1_453' title='bbox 1090 3873 1171 3954; x_wconf 88' lang='lat' dir='ltr'><strong>qnod</strong></span> <span class='ocrx_word' id='word_1_454' title='bbox 1189 3873 1317 3954; x_wconf 81' lang='lat' dir='ltr'><strong>suscipit</strong></span> <span class='ocrx_word' id='word_1_455' title='bbox 1337 3875 1411 3952; x_wconf 73' lang='grc'><strong>4444.</strong></span> <span class='ocrx_word' id='word_1_456' title='bbox 1434 3871 1562 3935; x_wconf 82' lang='lat' dir='ltr'><strong>Credere</strong></span> <span class='ocrx_word' id='word_1_457' title='bbox 1578 3868 1691 3952; x_wconf 71' lang='grc'><strong>44444444</strong></span> 
     </span>
     <span class='ocr_line' id='line_1_42' title="bbox 230 3962 1695 4052; baseline -0.008 -19"><span class='ocrx_word' id='word_1_458' title='bbox 230 3969 273 4033; x_wconf 85' lang='lat' dir='ltr'><strong>sit</strong></span> <span class='ocrx_word' id='word_1_459' title='bbox 283 3985 451 4050; x_wconf 78' lang='lat' dir='ltr'><strong>ponerent,</strong></span> <span class='ocrx_word' id='word_1_460' title='bbox 469 3985 564 4051; x_wconf 81' lang='lat' dir='ltr'><strong>nepae</strong></span> <span class='ocrx_word' id='word_1_461' title='bbox 586 3970 701 4049; x_wconf 77' lang='lat' dir='ltr'><strong>penita,</strong></span> <span class='ocrx_word' id='word_1_462' title='bbox 729 3987 824 4049; x_wconf 76' lang='lat' dir='ltr'><strong>oreque</strong></span> <span class='ocrx_word' id='word_1_463' title='bbox 842 3985 948 4052; x_wconf 78' lang='lat' dir='ltr'><strong>proce</strong></span> <span class='ocrx_word' id='word_1_464' title='bbox 1000 3985 1058 4030; x_wconf 89' lang='lat' dir='ltr'><strong>non</strong></span> <span class='ocrx_word' id='word_1_465' title='bbox 1077 3965 1262 4048; x_wconf 67' lang='grc'><strong>4444444444</strong></span> <span class='ocrx_word' id='word_1_466' title='bbox 1287 3965 1375 4047; x_wconf 75' lang='lat' dir='ltr'><strong>fidem</strong></span> <span class='ocrx_word' id='word_1_467' title='bbox 1396 3966 1460 4046; x_wconf 69' lang='grc'><strong>4444</strong></span> <span class='ocrx_word' id='word_1_468' title='bbox 1481 3979 1573 4046; x_wconf 82' lang='lat' dir='ltr'><strong>nsque</strong></span> <span class='ocrx_word' id='word_1_469' title='bbox 1588 3962 1626 4024; x_wconf 89' lang='lat' dir='ltr'><strong>ad</strong></span> <span class='ocrx_word' id='word_1_470' title='bbox 1638 3977 1695 4022; x_wconf 86' lang='lat' dir='ltr'><strong>oon-</strong></span> 
     </span>
     <span class='ocr_line' id='line_1_43' title="bbox 229 4059 1636 4128; baseline -0.006 -2"><span class='ocrx_word' id='word_1_471' title='bbox 229 4063 315 4126; x_wconf 83' lang='lat' dir='ltr'><strong>dens:</strong></span> <span class='ocrx_word' id='word_1_472' title='bbox 327 4063 489 4126; x_wconf 76' lang='lat' dir='ltr'><strong>demamus</strong></span> <span class='ocrx_word' id='word_1_473' title='bbox 502 4071 551 4126; x_wconf 89' lang='lat' dir='ltr'><strong>est</strong></span> <span class='ocrx_word' id='word_1_474' title='bbox 563 4067 592 4124; x_wconf 93' lang='lat' dir='ltr'><strong>in</strong></span> <span class='ocrx_word' id='word_1_475' title='bbox 604 4063 735 4128; x_wconf 82' lang='lat' dir='ltr'><strong>Concilio</strong></span> <span class='ocrx_word' id='word_1_476' title='bbox 755 4065 949 4125; x_wconf 76' lang='lat' dir='ltr'><strong>lateranensi</strong></span> <span class='ocrx_word' id='word_1_477' title='bbox 999 4060 1223 4124; x_wconf 70' lang='lat' dir='ltr'><strong>commistionem</strong></span> <span class='ocrx_word' id='word_1_478' title='bbox 1243 4059 1365 4122; x_wconf 83' lang='lat' dir='ltr'><strong>saeculi.</strong></span> <span class='ocrx_word' id='word_1_479' title='bbox 1634 4109 1636 4112; x_wconf 96' lang='lat'><strong>.</strong></span> 
     </span>
     <span class='ocr_line' id='line_1_44' title="bbox 230 4153 1693 4240; baseline -0.008 -20"><span class='ocrx_word' id='word_1_480' title='bbox 230 4165 338 4240; x_wconf 88' lang='lat' dir='ltr'><strong>quarto</strong></span> <span class='ocrx_word' id='word_1_481' title='bbox 357 4156 415 4220; x_wconf 84' lang='grc'><strong>444.</strong></span> <span class='ocrx_word' id='word_1_482' title='bbox 438 4157 516 4220; x_wconf 86' lang='grc'><strong>4244</strong></span> <span class='ocrx_word' id='word_1_483' title='bbox 537 4159 565 4234; x_wconf 90' lang='lat' dir='ltr'><strong>b)</strong></span> <span class='ocrx_word' id='word_1_484' title='bbox 587 4173 761 4237; x_wconf 82' lang='lat' dir='ltr'><strong>quanquam</strong></span> <span class='ocrx_word' id='word_1_485' title='bbox 784 4159 814 4217; x_wconf 93' lang='lat' dir='ltr'><strong>in</strong></span> <span class='ocrx_word' id='word_1_486' title='bbox 836 4157 949 4217; x_wconf 86' lang='lat' dir='ltr'><strong>Psalte·</strong></span> <span class='ocrx_word' id='word_1_487' title='bbox 1040 4156 1211 4218; x_wconf 81' lang='lat' dir='ltr'><strong>JOANNES</strong></span> <span class='ocrx_word' id='word_1_488' title='bbox 1235 4156 1257 4216; x_wconf 95' lang='lat' dir='ltr'><strong>l.</strong></span> <span class='ocrx_word' id='word_1_489' title='bbox 1283 4154 1450 4218; x_wconf 86' lang='lat' dir='ltr'><strong>Constantii</strong></span> <span class='ocrx_word' id='word_1_490' title='bbox 1472 4155 1502 4214; x_wconf 83' lang='lat' dir='ltr'><strong>F.</strong></span> <span class='ocrx_word' id='word_1_491' title='bbox 1529 4153 1693 4222; x_wconf 85' lang='lat' dir='ltr'><strong>Hetmscus,</strong></span> 
     </span>
     <span class='ocr_line' id='line_1_45' title="bbox 231 4245 1695 4329; baseline -0.01 -16"><span class='ocrx_word' id='word_1_492' title='bbox 231 4254 275 4314; x_wconf 92' lang='lat' dir='ltr'><strong>rio</strong></span> <span class='ocrx_word' id='word_1_493' title='bbox 295 4250 400 4315; x_wconf 87' lang='lat' dir='ltr'><strong>decem</strong></span> <span class='ocrx_word' id='word_1_494' title='bbox 421 4251 611 4329; x_wconf 88' lang='lat' dir='ltr'><strong>chordarum,</strong></span> <span class='ocrx_word' id='word_1_495' title='bbox 633 4250 816 4316; x_wconf 82' lang='lat' dir='ltr'><strong>catholicam</strong></span> <span class='ocrx_word' id='word_1_496' title='bbox 837 4248 874 4309; x_wconf 89' lang='lat' dir='ltr'><strong>de</strong></span> <span class='ocrx_word' id='word_1_497' title='bbox 895 4248 947 4310; x_wconf 86' lang='lat' dir='ltr'><strong>SS.</strong></span> <span class='ocrx_word' id='word_1_498' title='bbox 1002 4255 1070 4327; x_wconf 91' lang='lat' dir='ltr'><strong>post</strong></span> <span class='ocrx_word' id='word_1_499' title='bbox 1095 4247 1282 4310; x_wconf 87' lang='lat' dir='ltr'><strong>llormisdam</strong></span> <span class='ocrx_word' id='word_1_500' title='bbox 1307 4247 1473 4326; x_wconf 90' lang='lat' dir='ltr'><strong>Episcopus</strong></span> <span class='ocrx_word' id='word_1_501' title='bbox 1494 4245 1578 4307; x_wconf 82' lang='lat' dir='ltr'><strong>Urbis</strong></span> <span class='ocrx_word' id='word_1_502' title='bbox 1599 4245 1695 4303; x_wconf 87' lang='lat' dir='ltr'><strong>lionae</strong></span> 
     </span>
    </p>

    <p class='ocr_par' dir='ltr' id='par_1_10' title="bbox 288 4335 1695 4459">
     <span class='ocr_line' id='line_1_46' title="bbox 288 4335 1695 4459; baseline -0.002 -12"><span class='ocrx_word' id='word_1_503' title='bbox 288 4398 314 4459; x_wconf 83' lang='lat' dir='ltr'><strong>a)</strong></span> <span class='ocrx_word' id='word_1_504' title='bbox 326 4398 416 4449; x_wconf 82' lang='lat' dir='ltr'><strong>canter</strong></span> <span class='ocrx_word' id='word_1_505' title='bbox 432 4400 564 4449; x_wconf 74' lang='lat' dir='ltr'><strong>esurium</strong></span> <span class='ocrx_word' id='word_1_506' title='bbox 580 4399 611 4448; x_wconf 83' lang='lat' dir='ltr'><strong>de</strong></span> <span class='ocrx_word' id='word_1_507' title='bbox 621 4401 658 4448; x_wconf 88' lang='lat' dir='ltr'><strong>ss.</strong></span> <span class='ocrx_word' id='word_1_508' title='bbox 671 4398 795 4447; x_wconf 75' lang='lat' dir='ltr'><strong>trinitate</strong></span> <span class='ocrx_word' id='word_1_509' title='bbox 806 4393 851 4444; x_wconf 90' lang='lat' dir='ltr'><strong>lib.</strong></span> <span class='ocrx_word' id='word_1_510' title='bbox 864 4396 903 4442; x_wconf 85' lang='lat' dir='ltr'><strong>lv.</strong></span> <span class='ocrx_word' id='word_1_511' title='bbox 916 4393 953 4445; x_wconf 85' lang='grc'><strong>44.</strong></span> <span class='ocrx_word' id='word_1_512' title='bbox 1002 4339 1040 4401; x_wconf 59' lang='lat' dir='ltr'><strong>ab</strong></span> <span class='ocrx_word' id='word_1_513' title='bbox 1060 4341 1095 4401; x_wconf 61' lang='lat' dir='ltr'><strong>A‘</strong></span> <span class='ocrx_word' id='word_1_514' title='bbox 1111 4340 1146 4401; x_wconf 52' lang='grc' dir='ltr'><strong>θ’</strong></span> <span class='ocrx_word' id='word_1_515' title='bbox 1165 4341 1233 4402; x_wconf 62' lang='lat'><strong>523⁸</strong></span> <span class='ocrx_word' id='word_1_516' title='bbox 1251 4341 1332 4446; x_wconf 47' lang='lat' dir='ltr'><strong>sem</strong></span> <span class='ocrx_word' id='word_1_517' title='bbox 1351 4341 1369 4402; x_wconf 75' lang='lat'>³</span> <span class='ocrx_word' id='word_1_518' title='bbox 1388 4339 1425 4400; x_wconf 62' lang='lat' dir='ltr'><strong>ad</strong></span> <span class='ocrx_word' id='word_1_519' title='bbox 1446 4339 1502 4401; x_wconf 55' lang='grc' dir='ltr'><strong>ΑΠ’</strong></span> <span class='ocrx_word' id='word_1_520' title='bbox 1527 4337 1584 4399; x_wconf 60' lang='lat'><strong>526</strong></span> <span class='ocrx_word' id='word_1_521' title='bbox 1602 4335 1695 4394; x_wconf 46' lang='lat' dir='ltr'>defun·</span> 
     </span>
    </p>

    <p class='ocr_par' dir='ltr' id='par_1_11' title="bbox 227 4425 1695 4536">
     <span class='ocr_line' id='line_1_47' title="bbox 227 4425 1695 4536; baseline -0.003 -15"><span class='ocrx_word' id='word_1_522' title='bbox 227 4471 253 4521; x_wconf 91' lang='grc'><strong>4.</strong></span> <span class='ocrx_word' id='word_1_523' title='bbox 268 4478 293 4522; x_wconf 89' lang='grc'><strong>44</strong></span> <span class='ocrx_word' id='word_1_524' title='bbox 307 4475 348 4522; x_wconf 82' lang='lat' dir='ltr'><strong>vi.</strong></span> <span class='ocrx_word' id='word_1_525' title='bbox 367 4473 405 4524; x_wconf 87' lang='lat' dir='ltr'><strong>m.</strong></span> <span class='ocrx_word' id='word_1_526' title='bbox 421 4475 445 4524; x_wconf 91' lang='grc'><strong>4.</strong></span> <span class='ocrx_word' id='word_1_527' title='bbox 461 4485 515 4536; x_wconf 88' lang='lat' dir='ltr'><strong>seq.</strong></span> <span class='ocrx_word' id='word_1_528' title='bbox 532 4473 654 4523; x_wconf 73' lang='lat' dir='ltr'><strong>leonardi</strong></span> <span class='ocrx_word' id='word_1_529' title='bbox 667 4469 795 4521; x_wconf 82' lang='grc'><strong>4444444444</strong></span> <span class='ocrx_word' id='word_1_530' title='bbox 807 4467 951 4520; x_wconf 83' lang='lat' dir='ltr'><strong>additiones</strong></span> <span class='ocrx_word' id='word_1_531' title='bbox 1002 4439 1071 4494; x_wconf 59' lang='lat' dir='ltr'>ctus</span> <span class='ocrx_word' id='word_1_532' title='bbox 1100 4433 1262 4497; x_wconf 58' lang='lat' dir='ltr'><strong>Ravennae</strong></span> <span class='ocrx_word' id='word_1_533' title='bbox 1283 4451 1314 4494; x_wconf 71' lang='lat'><strong>¹¹¹</strong></span> <span class='ocrx_word' id='word_1_534' title='bbox 1344 4449 1472 4494; x_wconf 57' lang='lat' dir='ltr'><strong>mmm·</strong></span> <span class='ocrx_word' id='word_1_535' title='bbox 1504 4431 1545 4490; x_wconf 67' lang='lat' dir='ltr'><strong>De</strong></span> <span class='ocrx_word' id='word_1_536' title='bbox 1570 4447 1603 4489; x_wconf 73' lang='lat'><strong>⁰⁰</strong></span> <span class='ocrx_word' id='word_1_537' title='bbox 1631 4425 1695 4486; x_wconf 51' lang='lat' dir='ltr'><strong>Aeta</strong></span> 
     </span>
    </p>
   </div>
   <div class='ocr_carea' id='block_1_5' title="bbox 230 4515 1695 4697">
    <p class='ocr_par' dir='ltr' id='par_1_12' title="bbox 230 4515 1695 4697">
     <span class='ocr_line' id='line_1_48' title="bbox 230 4515 1695 4610; baseline -0.008 -17"><span class='ocrx_word' id='word_1_538' title='bbox 230 4543 263 4593; x_wconf 83' lang='lat' dir='ltr'><strong>od</strong></span> <span class='ocrx_word' id='word_1_539' title='bbox 279 4547 403 4608; x_wconf 85' lang='lat' dir='ltr'><strong>ropprura</strong></span> <span class='ocrx_word' id='word_1_540' title='bbox 419 4559 475 4610; x_wconf 77' lang='lat' dir='ltr'><strong>pag.</strong></span> <span class='ocrx_word' id='word_1_541' title='bbox 493 4547 533 4610; x_wconf 92' lang='grc'><strong>94,</strong></span> <span class='ocrx_word' id='word_1_542' title='bbox 552 4545 623 4597; x_wconf 75' lang='grc'><strong>44444.</strong></span> <span class='ocrx_word' id='word_1_543' title='bbox 639 4544 784 4608; x_wconf 82' lang='lat' dir='ltr'><strong>spanhemii</strong></span> <span class='ocrx_word' id='word_1_544' title='bbox 798 4545 953 4604; x_wconf 80' lang='lat' dir='ltr'><strong>operatam.</strong></span> <span class='ocrx_word' id='word_1_545' title='bbox 1003 4526 1181 4588; x_wconf 79' lang='grc'><strong>8444404444</strong></span> <span class='ocrx_word' id='word_1_546' title='bbox 1213 4534 1286 4588; x_wconf 86' lang='lat' dir='ltr'><strong>tom.</strong></span> <span class='ocrx_word' id='word_1_547' title='bbox 1319 4527 1367 4587; x_wconf 88' lang='lat' dir='ltr'><strong>vi.</strong></span> <span class='ocrx_word' id='word_1_548' title='bbox 1398 4523 1464 4602; x_wconf 85' lang='lat' dir='ltr'><strong>llaji</strong></span> <span class='ocrx_word' id='word_1_549' title='bbox 1483 4523 1531 4584; x_wconf 75' lang='lat'><strong>27.</strong></span> <span class='ocrx_word' id='word_1_550' title='bbox 1557 4538 1618 4601; x_wconf 83' lang='lat' dir='ltr'><strong>pag.</strong></span> <span class='ocrx_word' id='word_1_551' title='bbox 1645 4515 1695 4576; x_wconf 63' lang='lat'><strong>7⁰2</strong></span> 
     </span>
     <span class='ocr_line' id='line_1_49' title="bbox 230 4609 1694 4697; baseline -0.008 -15"><span class='ocrx_word' id='word_1_552' title='bbox 230 4620 252 4668; x_wconf 84' lang='lat'><strong>¹·</strong></span> <span class='ocrx_word' id='word_1_553' title='bbox 272 4631 329 4682; x_wconf 64' lang='lat' dir='ltr'><strong>aas·</strong></span> <span class='ocrx_word' id='word_1_554' title='bbox 347 4621 416 4672; x_wconf 81' lang='lat' dir='ltr'><strong>toea</strong></span> <span class='ocrx_word' id='word_1_555' title='bbox 433 4628 532 4684; x_wconf 71' lang='lat' dir='ltr'><strong>reu-1³·</strong></span> <span class='ocrx_word' id='word_1_556' title='bbox 549 4623 650 4685; x_wconf 74' lang='grc'><strong>4404444</strong></span> <span class='ocrx_word' id='word_1_557' title='bbox 666 4618 763 4682; x_wconf 71' lang='lat' dir='ltr'><strong>Strati!</strong></span> <span class='ocrx_word' id='word_1_558' title='bbox 780 4620 880 4668; x_wconf 80' lang='lat' dir='ltr'><strong>aratam</strong></span> <span class='ocrx_word' id='word_1_559' title='bbox 897 4629 954 4682; x_wconf 64' lang='lat' dir='ltr'><strong>aas·</strong></span> <span class='ocrx_word' id='word_1_560' title='bbox 1003 4635 1066 4697; x_wconf 87' lang='lat' dir='ltr'><strong>seq.</strong></span> <span class='ocrx_word' id='word_1_561' title='bbox 1091 4620 1125 4679; x_wconf 94' lang='lat' dir='ltr'><strong>ln</strong></span> <span class='ocrx_word' id='word_1_562' title='bbox 1155 4619 1329 4680; x_wconf 89' lang='lat' dir='ltr'><strong>collectione</strong></span> <span class='ocrx_word' id='word_1_563' title='bbox 1352 4618 1454 4679; x_wconf 84' lang='lat' dir='ltr'><strong>Isidori</strong></span> <span class='ocrx_word' id='word_1_564' title='bbox 1471 4623 1559 4694; x_wconf 89' lang='lat' dir='ltr'><strong>atque</strong></span> <span class='ocrx_word' id='word_1_565' title='bbox 1586 4611 1649 4672; x_wconf 91' lang='lat' dir='ltr'><strong>inde</strong></span> <span class='ocrx_word' id='word_1_566' title='bbox 1669 4609 1694 4666; x_wconf 86' lang='lat' dir='ltr'><strong>in</strong></span> 
     </span>
    </p>
   </div>
   <div class='ocr_carea' id='block_1_6' title="bbox 230 4693 1694 4836">
    <p class='ocr_par' dir='ltr' id='par_1_13' title="bbox 230 4693 1694 4836">
     <span class='ocr_line' id='line_1_50' title="bbox 230 4693 1694 4818; baseline -0.031 -12"><span class='ocrx_word' id='word_1_567' title='bbox 230 4693 291 4818; x_wconf 57' lang='grc' dir='ltr'><strong>Μ’,</strong></span> <span class='ocrx_word' id='word_1_568' title='bbox 302 4705 355 4757; x_wconf 72' lang='lat' dir='ltr'><strong>req,</strong></span> <span class='ocrx_word' id='word_1_569' title='bbox 1003 4713 1201 4775; x_wconf 85' lang='lat' dir='ltr'><strong>Consiliorum</strong></span> <span class='ocrx_word' id='word_1_570' title='bbox 1219 4715 1308 4774; x_wconf 90' lang='lat' dir='ltr'><strong>tomis</strong></span> <span class='ocrx_word' id='word_1_571' title='bbox 1328 4719 1359 4773; x_wconf 89' lang='lat' dir='ltr'><strong>et</strong></span> <span class='ocrx_word' id='word_1_572' title='bbox 1379 4711 1457 4791; x_wconf 91' lang='lat' dir='ltr'><strong>apud</strong></span> <span class='ocrx_word' id='word_1_573' title='bbox 1477 4709 1629 4772; x_wconf 80' lang='lat' dir='ltr'><strong>baronium</strong></span> <span class='ocrx_word' id='word_1_574' title='bbox 1648 4719 1694 4764; x_wconf 87' lang='lat' dir='ltr'><strong>ex·</strong></span> 
     </span>
     <span class='ocr_line' id='line_1_51' title="bbox 291 4769 953 4836; baseline -0.021 -6"><span class='ocrx_word' id='word_1_575' title='bbox 291 4769 422 4830; x_wconf 81' lang='lat' dir='ltr'><strong>)Cenoue</strong></span> <span class='ocrx_word' id='word_1_576' title='bbox 438 4771 464 4820; x_wconf 75' lang='grc'><strong>4.</strong></span> <span class='ocrx_word' id='word_1_577' title='bbox 484 4778 544 4822; x_wconf 89' lang='lat' dir='ltr'><strong>torn.</strong></span> <span class='ocrx_word' id='word_1_578' title='bbox 562 4775 615 4836; x_wconf 66' lang='lat' dir='ltr'><strong>iiii.</strong></span> <span class='ocrx_word' id='word_1_579' title='bbox 633 4771 754 4822; x_wconf 85' lang='grc'><strong>4444444444.</strong></span> <span class='ocrx_word' id='word_1_580' title='bbox 775 4781 832 4832; x_wconf 74' lang='lat' dir='ltr'><strong>paq.</strong></span> <span class='ocrx_word' id='word_1_581' title='bbox 851 4769 888 4820; x_wconf 86' lang='grc'><strong>44.</strong></span> <span class='ocrx_word' id='word_1_582' title='bbox 909 4772 953 4832; x_wconf 89' lang='lat' dir='ltr'><strong>qui</strong></span> 
     </span>
    </p>
   </div>
   <div class='ocr_carea' id='block_1_7' title="bbox 231 4807 1520 4907">
    <p class='ocr_par' dir='ltr' id='par_1_14' title="bbox 231 4807 1520 4907">
     <span class='ocr_line' id='line_1_52' title="bbox 231 4807 1520 4907; baseline 0.002 -17"><span class='ocrx_word' id='word_1_583' title='bbox 231 4845 353 4904; x_wconf 88' lang='lat' dir='ltr'><strong>repetitur</strong></span> <span class='ocrx_word' id='word_1_584' title='bbox 370 4845 396 4893; x_wconf 91' lang='lat' dir='ltr'><strong>ln</strong></span> <span class='ocrx_word' id='word_1_585' title='bbox 415 4847 528 4906; x_wconf 71' lang='lat' dir='ltr'><strong>Gregorii</strong></span> <span class='ocrx_word' id='word_1_586' title='bbox 547 4847 586 4897; x_wconf 83' lang='grc'><strong>444.</strong></span> <span class='ocrx_word' id='word_1_587' title='bbox 600 4845 721 4894; x_wconf 82' lang='grc'><strong>44444444.</strong></span> <span class='ocrx_word' id='word_1_588' title='bbox 740 4843 783 4894; x_wconf 90' lang='lat' dir='ltr'><strong>lib.</strong></span> <span class='ocrx_word' id='word_1_589' title='bbox 801 4843 824 4894; x_wconf 92' lang='grc'><strong>4.</strong></span> <span class='ocrx_word' id='word_1_590' title='bbox 844 4845 883 4893; x_wconf 90' lang='grc'><strong>444.</strong></span> <span class='ocrx_word' id='word_1_591' title='bbox 896 4857 919 4894; x_wconf 92' lang='grc'><strong>4.</strong></span> <span class='ocrx_word' id='word_1_592' title='bbox 930 4845 954 4893; x_wconf 83' lang='grc'><strong>2.</strong></span> <span class='ocrx_word' id='word_1_593' title='bbox 1044 4843 1069 4905; x_wconf 89' lang='grc'><strong>4)</strong></span> <span class='ocrx_word' id='word_1_594' title='bbox 1087 4851 1148 4895; x_wconf 80' lang='lat' dir='ltr'><strong>ncta</strong></span> <span class='ocrx_word' id='word_1_595' title='bbox 1165 4845 1242 4897; x_wconf 77' lang='lat' dir='ltr'><strong>Eruci.</strong></span> <span class='ocrx_word' id='word_1_596' title='bbox 1262 4850 1290 4896; x_wconf 81' lang='grc' dir='ltr'><strong>Δ.</strong></span> <span class='ocrx_word' id='word_1_597' title='bbox 1308 4807 1376 4897; x_wconf 63' lang='lat' dir='ltr'><strong>alito.</strong></span> <span class='ocrx_word' id='word_1_598' title='bbox 1394 4857 1449 4907; x_wconf 76' lang='lat' dir='ltr'><strong>pag.</strong></span> <span class='ocrx_word' id='word_1_599' title='bbox 1466 4841 1520 4893; x_wconf 84' lang='grc'><strong>447.</strong></span> 
     </span>
    </p>
   </div>
   <div class='ocr_carea' id='block_1_8' title="bbox 0 0 1802 5610">
    <p class='ocr_par' dir='ltr' id='par_1_15' title="bbox 0 0 1802 5610">
     <span class='ocr_line' id='line_1_53' title="bbox 0 0 1802 5610; baseline 0 2"><span class='ocrx_word' id='word_1_600' title='bbox 0 0 1802 5610; x_wconf 95' lang='lat' dir='ltr'><strong> </strong></span> 
     </span>
    </p>
   </div>
  </div>
 </body>
</html>
