<?xml version="1.0" encoding="UTF-8"?>
<!DOCTYPE html PUBLIC "-//W3C//DTD XHTML 1.0 Transitional//EN"
    "http://www.w3.org/TR/xhtml1/DTD/xhtml1-transitional.dtd">
<html xmlns="http://www.w3.org/1999/xhtml" xml:lang="en" lang="en">
 <head>
  <title>
</title>
<meta http-equiv="Content-Type" content="text/html;charset=utf-8" />
  <meta name='ocr-system' content='tesseract 3.04.00' />
  <meta name='ocr-capabilities' content='ocr_page ocr_carea ocr_par ocr_line ocrx_word'/>
</head>
<body>
  <div class='ocr_page' id='page_1' title='image "./bibliothecalati00schgoog/bibliothecalati00schgoog_0424.png"; bbox 0 0 3624 5600; ppageno 0'>
   <div class='ocr_carea' id='block_1_1' title="bbox 111 135 1609 327">
    <p class='ocr_par' dir='ltr' id='par_1_1' title="bbox 111 135 1609 327">
     <span class='ocr_line' id='line_1_1' title="bbox 732 135 1609 202; baseline 0.005 -4"><span class='ocrx_word' id='word_1_1' title='bbox 732 145 747 198; x_wconf 88' lang='lat' dir='ltr'>J</span> <span class='ocrx_word' id='word_1_2' title='bbox 844 139 867 199; x_wconf 87' lang='lat' dir='ltr'>N</span> <span class='ocrx_word' id='word_1_3' title='bbox 926 135 986 198; x_wconf 82' lang='lat' dir='ltr'><strong>ES</strong></span> <span class='ocrx_word' id='word_1_4' title='bbox 1569 139 1609 202; x_wconf 82' lang='grc'><strong>440</strong></span> 
     </span>
     <span class='ocr_line' id='line_1_2' title="bbox 111 137 1606 327; baseline 0.003 -25"><span class='ocrx_word' id='word_1_5' title='bbox 111 242 261 317; x_wconf 82' lang='lat' dir='ltr'><strong>servatis,</strong></span> <span class='ocrx_word' id='word_1_6' title='bbox 283 237 433 302; x_wconf 79' lang='lat' dir='ltr'><strong>adversus</strong></span> <span class='ocrx_word' id='word_1_7' title='bbox 454 242 629 307; x_wconf 83' lang='lat' dir='ltr'><strong>tOhltNEll</strong></span> <span class='ocrx_word' id='word_1_8' title='bbox 652 245 688 306; x_wconf 83' lang='lat' dir='ltr'><strong>ele</strong></span> <span class='ocrx_word' id='word_1_9' title='bbox 710 137 830 327; x_wconf 56' lang='grc' dir='ltr'><strong>043ρέ</strong></span> <span class='ocrx_word' id='word_1_10' title='bbox 883 137 1004 321; x_wconf 51' lang='lat' dir='ltr'><strong>gytem</strong></span> <span class='ocrx_word' id='word_1_11' title='bbox 1022 239 1182 304; x_wconf 74' lang='lat' dir='ltr'><strong>cardinali.</strong></span> <span class='ocrx_word' id='word_1_12' title='bbox 1214 242 1319 302; x_wconf 86' lang='lat' dir='ltr'><strong>Venet.</strong></span> <span class='ocrx_word' id='word_1_13' title='bbox 1354 233 1441 304; x_wconf 88' lang='grc'><strong>4507.</strong></span> <span class='ocrx_word' id='word_1_14' title='bbox 1463 251 1495 305; x_wconf 84' lang='grc'><strong>44</strong></span> <span class='ocrx_word' id='word_1_15' title='bbox 1517 141 1606 307; x_wconf 41' lang='lat' dir='ltr'><strong>Bahali.</strong></span> 
     </span>
    </p>
   </div>
   <div class='ocr_carea' id='block_1_2' title="bbox 10 333 1606 414">
    <p class='ocr_par' dir='ltr' id='par_1_2' title="bbox 10 333 1606 414">
     <span class='ocr_line' id='line_1_3' title="bbox 10 333 1606 414; baseline 0.003 -18"><span class='ocrx_word' id='word_1_16' title='bbox 10 367 12 370; x_wconf 96' lang='lat'>·</span> <span class='ocrx_word' id='word_1_17' title='bbox 111 333 209 414; x_wconf 90' lang='lat' dir='ltr'><strong>dona,</strong></span> <span class='ocrx_word' id='word_1_18' title='bbox 244 333 422 396; x_wconf 74' lang='lat' dir='ltr'><strong>Monachum</strong></span> <span class='ocrx_word' id='word_1_19' title='bbox 457 337 742 400; x_wconf 83' lang='lat' dir='ltr'><strong>blariaecellensam.</strong></span> <span class='ocrx_word' id='word_1_20' title='bbox 782 338 827 399; x_wconf 81' lang='grc'><strong>44</strong></span> <span class='ocrx_word' id='word_1_21' title='bbox 885 335 973 398; x_wconf 85' lang='grc'><strong>4570.</strong></span> <span class='ocrx_word' id='word_1_22' title='bbox 991 337 1101 397; x_wconf 88' lang='lat' dir='ltr'><strong>Locum</strong></span> <span class='ocrx_word' id='word_1_23' title='bbox 1119 335 1157 396; x_wconf 91' lang='lat' dir='ltr'><strong>de</strong></span> <span class='ocrx_word' id='word_1_24' title='bbox 1172 333 1320 398; x_wconf 84' lang='lat' dir='ltr'><strong>Silvestre</strong></span> <span class='ocrx_word' id='word_1_25' title='bbox 1337 335 1415 414; x_wconf 87' lang='lat' dir='ltr'><strong>Papa</strong></span> <span class='ocrx_word' id='word_1_26' title='bbox 1427 337 1606 400; x_wconf 89' lang='lat' dir='ltr'><strong>daemonem</strong></span> 
     </span>
    </p>
   </div>
   <div class='ocr_carea' id='block_1_3' title="bbox 96 425 1634 2565">
    <p class='ocr_par' dir='ltr' id='par_1_3' title="bbox 108 425 1606 1260">
     <span class='ocr_line' id='line_1_4' title="bbox 112 425 1605 512; baseline 0.001 -22"><span class='ocrx_word' id='word_1_27' title='bbox 112 427 296 490; x_wconf 88' lang='lat' dir='ltr'><strong>monachum</strong></span> <span class='ocrx_word' id='word_1_28' title='bbox 320 427 479 507; x_wconf 78' lang='lat' dir='ltr'><strong>fugitivum</strong></span> <span class='ocrx_word' id='word_1_29' title='bbox 501 428 538 491; x_wconf 89' lang='lat' dir='ltr'><strong>de</strong></span> <span class='ocrx_word' id='word_1_30' title='bbox 556 449 632 492; x_wconf 88' lang='grc'><strong>4444</strong></span> <span class='ocrx_word' id='word_1_31' title='bbox 663 430 829 494; x_wconf 67' lang='lat' dir='ltr'><strong>monastiea</strong></span> <span class='ocrx_word' id='word_1_32' title='bbox 883 431 1063 490; x_wconf 87' lang='lat' dir='ltr'><strong>consulente</strong></span> <span class='ocrx_word' id='word_1_33' title='bbox 1095 425 1219 488; x_wconf 77' lang='lat' dir='ltr'>exhibet</span> <span class='ocrx_word' id='word_1_34' title='bbox 1239 429 1410 490; x_wconf 89' lang='lat' dir='ltr'><strong>Orthuinas</strong></span> <span class='ocrx_word' id='word_1_35' title='bbox 1431 431 1555 494; x_wconf 87' lang='lat' dir='ltr'><strong>Gratius</strong></span> <span class='ocrx_word' id='word_1_36' title='bbox 1577 451 1605 512; x_wconf 92' lang='lat' dir='ltr'><strong>p.</strong></span> 
     </span>
     <span class='ocr_line' id='line_1_5' title="bbox 111 519 1606 604; baseline 0.004 -22"><span class='ocrx_word' id='word_1_37' title='bbox 111 519 280 582; x_wconf 86' lang='lat' dir='ltr'><strong>hnmilitate</strong></span> <span class='ocrx_word' id='word_1_38' title='bbox 309 535 346 580; x_wconf 91' lang='lat' dir='ltr'><strong>oc</strong></span> <span class='ocrx_word' id='word_1_39' title='bbox 377 519 408 580; x_wconf 89' lang='lat' dir='ltr'><strong>in</strong></span> <span class='ocrx_word' id='word_1_40' title='bbox 435 519 509 582; x_wconf 87' lang='lat' dir='ltr'><strong>bono</strong></span> <span class='ocrx_word' id='word_1_41' title='bbox 526 524 762 604; x_wconf 77' lang='grc'><strong>9444444444444.</strong></span> <span class='ocrx_word' id='word_1_42' title='bbox 787 527 830 585; x_wconf 87' lang='grc'><strong>04</strong></span> <span class='ocrx_word' id='word_1_43' title='bbox 886 524 936 582; x_wconf 86' lang='grc'><strong>44.</strong></span> <span class='ocrx_word' id='word_1_44' title='bbox 965 522 993 583; x_wconf 88' lang='lat' dir='ltr'><strong>b.</strong></span> <span class='ocrx_word' id='word_1_45' title='bbox 1018 522 1151 583; x_wconf 74' lang='lat' dir='ltr'><strong>fasciculi</strong></span> <span class='ocrx_word' id='word_1_46' title='bbox 1174 537 1274 582; x_wconf 88' lang='lat' dir='ltr'><strong>rerum</strong></span> <span class='ocrx_word' id='word_1_47' title='bbox 1296 523 1536 601; x_wconf 80' lang='lat' dir='ltr'><strong>expetendarum</strong></span> <span class='ocrx_word' id='word_1_48' title='bbox 1560 527 1606 588; x_wconf 89' lang='lat' dir='ltr'><strong>tu·</strong></span> 
     </span>
     <span class='ocr_line' id='line_1_6' title="bbox 110 611 1604 698; baseline 0.003 -22"><span class='ocrx_word' id='word_1_49' title='bbox 110 619 286 678; x_wconf 80' lang='lat' dir='ltr'><strong>necessetate</strong></span> <span class='ocrx_word' id='word_1_50' title='bbox 307 611 377 674; x_wconf 86' lang='lat' dir='ltr'><strong>boni</strong></span> <span class='ocrx_word' id='word_1_51' title='bbox 396 614 529 695; x_wconf 69' lang='lat' dir='ltr'><strong>exempli</strong></span> <span class='ocrx_word' id='word_1_52' title='bbox 543 616 574 676; x_wconf 82' lang='lat' dir='ltr'><strong>in</strong></span> <span class='ocrx_word' id='word_1_53' title='bbox 592 615 775 698; x_wconf 76' lang='lat' dir='ltr'><strong>Superiora,</strong></span> <span class='ocrx_word' id='word_1_54' title='bbox 793 637 830 680; x_wconf 92' lang='lat' dir='ltr'><strong>ac</strong></span> <span class='ocrx_word' id='word_1_55' title='bbox 882 616 1133 694; x_wconf 87' lang='lat' dir='ltr'><strong>giendarumque.</strong></span> <span class='ocrx_word' id='word_1_56' title='bbox 1144 615 1209 676; x_wconf 89' lang='lat' dir='ltr'><strong>Vita</strong></span> <span class='ocrx_word' id='word_1_57' title='bbox 1222 615 1395 694; x_wconf 88' lang='lat' dir='ltr'><strong>S.Gregorii</strong></span> <span class='ocrx_word' id='word_1_58' title='bbox 1406 619 1442 677; x_wconf 89' lang='lat' dir='ltr'><strong>ld.</strong></span> <span class='ocrx_word' id='word_1_59' title='bbox 1456 615 1524 694; x_wconf 83' lang='lat' dir='ltr'><strong>ejus</strong></span> <span class='ocrx_word' id='word_1_60' title='bbox 1533 637 1604 698; x_wconf 88' lang='lat' dir='ltr'><strong>cpe—</strong></span> 
     </span>
     <span class='ocr_line' id='line_1_7' title="bbox 109 703 1605 788; baseline 0.003 -19"><span class='ocrx_word' id='word_1_61' title='bbox 109 703 305 770; x_wconf 73' lang='lat' dir='ltr'><strong>austeritatis</strong></span> <span class='ocrx_word' id='word_1_62' title='bbox 332 708 363 767; x_wconf 87' lang='lat' dir='ltr'><strong>in</strong></span> <span class='ocrx_word' id='word_1_63' title='bbox 385 705 549 769; x_wconf 72' lang='lat' dir='ltr'><strong>Ordinibus</strong></span> <span class='ocrx_word' id='word_1_64' title='bbox 578 711 769 774; x_wconf 71' lang='lat' dir='ltr'><strong>Mainalion:</strong></span> <span class='ocrx_word' id='word_1_65' title='bbox 804 718 833 773; x_wconf 87' lang='lat' dir='ltr'><strong>et</strong></span> <span class='ocrx_word' id='word_1_66' title='bbox 884 708 968 769; x_wconf 92' lang='lat' dir='ltr'><strong>ribus</strong></span> <span class='ocrx_word' id='word_1_67' title='bbox 986 707 1190 788; x_wconf 86' lang='lat' dir='ltr'><strong>praemittitur</strong></span> <span class='ocrx_word' id='word_1_68' title='bbox 1207 709 1236 767; x_wconf 92' lang='lat' dir='ltr'><strong>in</strong></span> <span class='ocrx_word' id='word_1_69' title='bbox 1255 707 1325 768; x_wconf 86' lang='lat' dir='ltr'><strong>edit.</strong></span> <span class='ocrx_word' id='word_1_70' title='bbox 1345 709 1434 770; x_wconf 83' lang='grc'><strong>444444.</strong></span> <span class='ocrx_word' id='word_1_71' title='bbox 1452 711 1605 776; x_wconf 75' lang='grc'><strong>4334444.</strong></span> 
     </span>
     <span class='ocr_line' id='line_1_8' title="bbox 108 797 1606 882; baseline 0.003 -18"><span class='ocrx_word' id='word_1_72' title='bbox 108 803 268 864; x_wconf 72' lang='lat' dir='ltr'><strong><em>Sermones</em></strong></span> <span class='ocrx_word' id='word_1_73' title='bbox 285 801 365 864; x_wconf 89' lang='lat' dir='ltr'><strong>Xlll.</strong></span> <span class='ocrx_word' id='word_1_74' title='bbox 380 800 495 861; x_wconf 90' lang='lat' dir='ltr'><strong>Omitto</strong></span> <span class='ocrx_word' id='word_1_75' title='bbox 513 804 626 882; x_wconf 88' lang='lat' dir='ltr'><strong>scripta</strong></span> <span class='ocrx_word' id='word_1_76' title='bbox 639 803 828 880; x_wconf 82' lang='lat' dir='ltr'><strong>Germanice,</strong></span> <span class='ocrx_word' id='word_1_77' title='bbox 925 800 1094 862; x_wconf 81' lang='grc'><strong>4044444448</strong></span> <span class='ocrx_word' id='word_1_78' title='bbox 1111 797 1308 880; x_wconf 77' lang='grc'><strong>8044444944</strong></span> <span class='ocrx_word' id='word_1_79' title='bbox 1326 799 1461 880; x_wconf 84' lang='lat' dir='ltr'><strong>Anglus,</strong></span> <span class='ocrx_word' id='word_1_80' title='bbox 1481 805 1606 868; x_wconf 86' lang='lat' dir='ltr'><strong>Garma-</strong></span> 
     </span>
     <span class='ocr_line' id='line_1_9' title="bbox 109 892 1604 977; baseline 0.004 -21"><span class='ocrx_word' id='word_1_81' title='bbox 109 903 143 956; x_wconf 92' lang='lat' dir='ltr'><strong>ut</strong></span> <span class='ocrx_word' id='word_1_82' title='bbox 164 899 315 956; x_wconf 87' lang='lat' dir='ltr'><strong>tractatus</strong></span> <span class='ocrx_word' id='word_1_83' title='bbox 330 894 368 954; x_wconf 89' lang='lat' dir='ltr'><strong>de</strong></span> <span class='ocrx_word' id='word_1_84' title='bbox 385 895 547 970; x_wconf 89' lang='lat' dir='ltr'><strong>Oratione,</strong></span> <span class='ocrx_word' id='word_1_85' title='bbox 569 895 607 957; x_wconf 90' lang='lat' dir='ltr'><strong>de</strong></span> <span class='ocrx_word' id='word_1_86' title='bbox 629 896 830 960; x_wconf 85' lang='lat' dir='ltr'><strong>divisionibus</strong></span> <span class='ocrx_word' id='word_1_87' title='bbox 885 896 948 968; x_wconf 87' lang='lat' dir='ltr'><strong>lita,</strong></span> <span class='ocrx_word' id='word_1_88' title='bbox 967 895 1056 955; x_wconf 87' lang='lat' dir='ltr'><strong>Balec</strong></span> <span class='ocrx_word' id='word_1_89' title='bbox 1069 892 1248 975; x_wconf 84' lang='grc'><strong>84444449,</strong></span> <span class='ocrx_word' id='word_1_90' title='bbox 1266 895 1436 977; x_wconf 80' lang='lat' dir='ltr'><strong>&#39;theologus</strong></span> <span class='ocrx_word' id='word_1_91' title='bbox 1452 898 1604 962; x_wconf 85' lang='grc'><strong>044444444-</strong></span> 
     </span>
     <span class='ocr_line' id='line_1_10' title="bbox 108 989 1605 1070; baseline 0.005 -22"><span class='ocrx_word' id='word_1_92' title='bbox 108 990 305 1067; x_wconf 89' lang='lat' dir='ltr'><strong>proprlelatis</strong></span> <span class='ocrx_word' id='word_1_93' title='bbox 325 989 538 1050; x_wconf 72' lang='lat' dir='ltr'><strong>monachorum</strong></span> <span class='ocrx_word' id='word_1_94' title='bbox 553 1034 559 1064; x_wconf 95' lang='lat'><strong>,</strong></span> <span class='ocrx_word' id='word_1_95' title='bbox 575 997 606 1050; x_wconf 82' lang='lat' dir='ltr'><strong>et</strong></span> <span class='ocrx_word' id='word_1_96' title='bbox 621 989 659 1050; x_wconf 87' lang='lat' dir='ltr'><strong>do</strong></span> <span class='ocrx_word' id='word_1_97' title='bbox 673 992 770 1052; x_wconf 83' lang='lat' dir='ltr'><strong>tribus</strong></span> <span class='ocrx_word' id='word_1_98' title='bbox 784 1007 831 1052; x_wconf 87' lang='lat' dir='ltr'><strong>es·</strong></span> <span class='ocrx_word' id='word_1_99' title='bbox 883 989 926 1048; x_wconf 86' lang='lat' dir='ltr'><strong>sis</strong></span> <span class='ocrx_word' id='word_1_100' title='bbox 946 989 981 1049; x_wconf 88' lang='lat' dir='ltr'><strong>ct&#39;</strong></span> <span class='ocrx_word' id='word_1_101' title='bbox 1000 1007 1037 1049; x_wconf 83' lang='lat' dir='ltr'><strong>ex</strong></span> <span class='ocrx_word' id='word_1_102' title='bbox 1070 989 1255 1068; x_wconf 83' lang='lat' dir='ltr'><strong>bangorensi</strong></span> <span class='ocrx_word' id='word_1_103' title='bbox 1277 989 1446 1070; x_wconf 86' lang='lat' dir='ltr'><strong>Episcopus</strong></span> <span class='ocrx_word' id='word_1_104' title='bbox 1469 994 1605 1055; x_wconf 84' lang='grc'><strong>44444444·</strong></span> 
     </span>
     <span class='ocr_line' id='line_1_11' title="bbox 109 1078 1603 1166; baseline 0.002 -23"><span class='ocrx_word' id='word_1_105' title='bbox 109 1078 290 1143; x_wconf 86' lang='lat' dir='ltr'><strong>scntiaiibus</strong></span> <span class='ocrx_word' id='word_1_106' title='bbox 306 1083 428 1160; x_wconf 89' lang='lat' dir='ltr'><strong>punctis</strong></span> <span class='ocrx_word' id='word_1_107' title='bbox 445 1083 637 1161; x_wconf 75' lang='lat' dir='ltr'><strong>perfectionis</strong></span> <span class='ocrx_word' id='word_1_108' title='bbox 655 1087 754 1146; x_wconf 87' lang='lat' dir='ltr'><strong>status</strong></span> <span class='ocrx_word' id='word_1_109' title='bbox 771 1088 830 1145; x_wconf 84' lang='lat' dir='ltr'><strong>lilo-</strong></span> <span class='ocrx_word' id='word_1_110' title='bbox 883 1082 988 1144; x_wconf 88' lang='lat' dir='ltr'><strong>densis</strong></span> <span class='ocrx_word' id='word_1_111' title='bbox 1010 1081 1089 1163; x_wconf 86' lang='lat' dir='ltr'><strong>apud</strong></span> <span class='ocrx_word' id='word_1_112' title='bbox 1112 1083 1274 1144; x_wconf 84' lang='lat' dir='ltr'><strong>ilenricum</strong></span> <span class='ocrx_word' id='word_1_113' title='bbox 1292 1085 1340 1144; x_wconf 90' lang='lat' dir='ltr'><strong>Vl.</strong></span> <span class='ocrx_word' id='word_1_114' title='bbox 1360 1083 1423 1144; x_wconf 71' lang='lat' dir='ltr'><strong>lieo</strong></span> <span class='ocrx_word' id='word_1_115' title='bbox 1405 1101 1472 1162; x_wconf 87' lang='lat' dir='ltr'><strong>gem</strong></span> <span class='ocrx_word' id='word_1_116' title='bbox 1494 1090 1603 1166; x_wconf 84' lang='lat' dir='ltr'><strong>gratio·</strong></span> 
     </span>
     <span class='ocr_line' id='line_1_12' title="bbox 110 1173 1604 1260; baseline 0.005 -27"><span class='ocrx_word' id='word_1_117' title='bbox 110 1173 230 1235; x_wconf 91' lang='lat' dir='ltr'><strong>nastlci.</strong></span> <span class='ocrx_word' id='word_1_118' title='bbox 885 1191 962 1250; x_wconf 84' lang='lat' dir='ltr'><strong>aus,</strong></span> <span class='ocrx_word' id='word_1_119' title='bbox 983 1178 1147 1238; x_wconf 78' lang='lat' dir='ltr'><strong>defunctus</strong></span> <span class='ocrx_word' id='word_1_120' title='bbox 1179 1175 1235 1238; x_wconf 81' lang='grc'><strong>444.</strong></span> <span class='ocrx_word' id='word_1_121' title='bbox 1270 1175 1357 1238; x_wconf 85' lang='grc'><strong>4474</strong></span> <span class='ocrx_word' id='word_1_122' title='bbox 1384 1177 1460 1254; x_wconf 72' lang='lat' dir='ltr'><strong>Eius</strong></span> <span class='ocrx_word' id='word_1_123' title='bbox 1492 1184 1604 1260; x_wconf 86' lang='lat' dir='ltr'><strong>scripta</strong></span> 
     </span>
    </p>

    <p class='ocr_par' dir='ltr' id='par_1_4' title="bbox 96 1259 1634 2565">
     <span class='ocr_line' id='line_1_13' title="bbox 147 1259 1605 1376; baseline 0.006 -50"><span class='ocrx_word' id='word_1_124' title='bbox 147 1265 318 1329; x_wconf 79' lang='grc'><strong>4044444448</strong></span> <span class='ocrx_word' id='word_1_125' title='bbox 333 1265 520 1330; x_wconf 84' lang='grc'><strong>8444444444</strong></span> <span class='ocrx_word' id='word_1_126' title='bbox 536 1268 621 1330; x_wconf 87' lang='grc'><strong>448.</strong></span> <span class='ocrx_word' id='word_1_127' title='bbox 634 1259 828 1334; x_wconf 72' lang='lat' dir='ltr'><strong>Laurentium</strong></span> <span class='ocrx_word' id='word_1_128' title='bbox 884 1269 962 1346; x_wconf 90' lang='lat' dir='ltr'><strong>apud</strong></span> <span class='ocrx_word' id='word_1_129' title='bbox 982 1270 1146 1332; x_wconf 86' lang='lat' dir='ltr'><strong>lelandum</strong></span> <span class='ocrx_word' id='word_1_130' title='bbox 1165 1285 1190 1330; x_wconf 92' lang='lat' dir='ltr'><strong>c.</strong></span> <span class='ocrx_word' id='word_1_131' title='bbox 1209 1269 1277 1330; x_wconf 78' lang='grc'><strong>573.</strong></span> <span class='ocrx_word' id='word_1_132' title='bbox 1294 1269 1486 1376; x_wconf 73' lang='grc'><strong>4449444444</strong></span> <span class='ocrx_word' id='word_1_133' title='bbox 1472 1289 1503 1333; x_wconf 88' lang='grc'><strong>44</strong></span> <span class='ocrx_word' id='word_1_134' title='bbox 1520 1275 1605 1354; x_wconf 81' lang='grc'><strong>8944-</strong></span> 
     </span>
     <span class='ocr_line' id='line_1_14' title="bbox 104 1359 1606 1446; baseline 0.005 -26"><span class='ocrx_word' id='word_1_135' title='bbox 104 1360 195 1442; x_wconf 84' lang='lat' dir='ltr'><strong>juxta</strong></span> <span class='ocrx_word' id='word_1_136' title='bbox 214 1375 321 1423; x_wconf 88' lang='lat' dir='ltr'><strong>maros</strong></span> <span class='ocrx_word' id='word_1_137' title='bbox 341 1361 426 1422; x_wconf 87' lang='lat' dir='ltr'><strong>urbis</strong></span> <span class='ocrx_word' id='word_1_138' title='bbox 446 1359 639 1423; x_wconf 76' lang='lat' dir='ltr'><strong>leodicensis</strong></span> <span class='ocrx_word' id='word_1_139' title='bbox 666 1365 830 1428; x_wconf 78' lang='lat' dir='ltr'><strong>Monachus</strong></span> <span class='ocrx_word' id='word_1_140' title='bbox 886 1359 986 1422; x_wconf 87' lang='grc'><strong>4444444</strong></span> <span class='ocrx_word' id='word_1_141' title='bbox 1007 1363 1102 1424; x_wconf 83' lang='lat' dir='ltr'><strong>Fidei.</strong></span> <span class='ocrx_word' id='word_1_142' title='bbox 1121 1363 1164 1422; x_wconf 95' lang='grc'><strong>04</strong></span> <span class='ocrx_word' id='word_1_143' title='bbox 1176 1361 1313 1443; x_wconf 84' lang='lat' dir='ltr'><strong>praemio</strong></span> <span class='ocrx_word' id='word_1_144' title='bbox 1332 1363 1516 1428; x_wconf 86' lang='grc'><strong>04444444444</strong></span> <span class='ocrx_word' id='word_1_145' title='bbox 1532 1383 1606 1446; x_wconf 88' lang='lat' dir='ltr'><strong>pro</strong></span> 
     </span>
     <span class='ocr_line' id='line_1_15' title="bbox 107 1451 1634 1538; baseline 0.006 -24"><span class='ocrx_word' id='word_1_146' title='bbox 107 1451 327 1516; x_wconf 82' lang='lat' dir='ltr'><strong>Benedictinas</strong></span> <span class='ocrx_word' id='word_1_147' title='bbox 349 1455 471 1533; x_wconf 79' lang='lat' dir='ltr'><strong>scripsit</strong></span> <span class='ocrx_word' id='word_1_148' title='bbox 490 1453 658 1517; x_wconf 74' lang='lat' dir='ltr'><strong>chronicon</strong></span> <span class='ocrx_word' id='word_1_149' title='bbox 673 1455 830 1519; x_wconf 75' lang='lat' dir='ltr'><strong>leodiense</strong></span> <span class='ocrx_word' id='word_1_150' title='bbox 884 1458 985 1519; x_wconf 89' lang='grc'><strong>444444.</strong></span> <span class='ocrx_word' id='word_1_151' title='bbox 1009 1459 1051 1516; x_wconf 90' lang='grc'><strong>04</strong></span> <span class='ocrx_word' id='word_1_152' title='bbox 1072 1454 1161 1519; x_wconf 75' lang='lat' dir='ltr'><strong>narb</strong></span> <span class='ocrx_word' id='word_1_153' title='bbox 1181 1459 1212 1518; x_wconf 82' lang='grc'><strong>8.</strong></span> <span class='ocrx_word' id='word_1_154' title='bbox 1235 1457 1414 1538; x_wconf 76' lang='lat' dir='ltr'><strong>Saaptnree</strong></span> <span class='ocrx_word' id='word_1_155' title='bbox 1435 1477 1537 1521; x_wconf 85' lang='grc'><strong>444444.</strong></span> <span class='ocrx_word' id='word_1_156' title='bbox 1561 1461 1604 1522; x_wconf 89' lang='grc'><strong>04</strong></span> <span class='ocrx_word' id='word_1_157' title='bbox 1632 1479 1634 1484; x_wconf 95' lang='grc'><strong><em>·</em></strong></span> 
     </span>
     <span class='ocr_line' id='line_1_16' title="bbox 107 1547 1602 1632; baseline 0.005 -25"><span class='ocrx_word' id='word_1_158' title='bbox 107 1563 124 1607; x_wconf 85' lang='lat' dir='ltr'><strong>a</strong></span> <span class='ocrx_word' id='word_1_159' title='bbox 147 1549 180 1608; x_wconf 92' lang='lat' dir='ltr'>S</span> <span class='ocrx_word' id='word_1_160' title='bbox 194 1547 328 1608; x_wconf 85' lang='grc'><strong>44444444</strong></span> <span class='ocrx_word' id='word_1_161' title='bbox 342 1547 379 1608; x_wconf 90' lang='grc'><strong>44</strong></span> <span class='ocrx_word' id='word_1_162' title='bbox 394 1559 449 1609; x_wconf 89' lang='lat' dir='ltr'><strong>sua</strong></span> <span class='ocrx_word' id='word_1_163' title='bbox 469 1563 565 1626; x_wconf 87' lang='lat' dir='ltr'><strong>usque</strong></span> <span class='ocrx_word' id='word_1_164' title='bbox 586 1555 740 1627; x_wconf 87' lang='lat' dir='ltr'><strong>tempera:</strong></span> <span class='ocrx_word' id='word_1_165' title='bbox 759 1567 830 1611; x_wconf 84' lang='lat' dir='ltr'><strong>con·</strong></span> <span class='ocrx_word' id='word_1_166' title='bbox 883 1567 958 1611; x_wconf 89' lang='lat' dir='ltr'><strong>casn</strong></span> <span class='ocrx_word' id='word_1_167' title='bbox 980 1557 1009 1612; x_wconf 88' lang='grc'><strong>44</strong></span> <span class='ocrx_word' id='word_1_168' title='bbox 1026 1549 1160 1632; x_wconf 79' lang='lat' dir='ltr'><strong>fortuma.</strong></span> <span class='ocrx_word' id='word_1_169' title='bbox 1178 1551 1222 1612; x_wconf 87' lang='grc'><strong>04</strong></span> <span class='ocrx_word' id='word_1_170' title='bbox 1236 1551 1302 1613; x_wconf 88' lang='lat' dir='ltr'><strong>date</strong></span> <span class='ocrx_word' id='word_1_171' title='bbox 1319 1549 1481 1614; x_wconf 82' lang='lat' dir='ltr'><strong>Ecclesiae.</strong></span> <span class='ocrx_word' id='word_1_172' title='bbox 1501 1553 1602 1614; x_wconf 88' lang='grc'><strong>0444</strong></span> 
     </span>
     <span class='ocr_line' id='line_1_17' title="bbox 107 1638 1606 1728; baseline 0.005 -30"><span class='ocrx_word' id='word_1_173' title='bbox 107 1640 261 1701; x_wconf 90' lang='lat' dir='ltr'><strong>tinuatum</strong></span> <span class='ocrx_word' id='word_1_174' title='bbox 283 1639 355 1700; x_wconf 90' lang='lat' dir='ltr'><strong>inde</strong></span> <span class='ocrx_word' id='word_1_175' title='bbox 377 1655 394 1700; x_wconf 93' lang='lat' dir='ltr'><strong>a</strong></span> <span class='ocrx_word' id='word_1_176' title='bbox 415 1638 563 1702; x_wconf 78' lang='lat' dir='ltr'><strong>thh&#39;NE</strong></span> <span class='ocrx_word' id='word_1_177' title='bbox 586 1641 742 1718; x_wconf 80' lang='grc'><strong>44444444,</strong></span> <span class='ocrx_word' id='word_1_178' title='bbox 764 1643 829 1722; x_wconf 75' lang='lat' dir='ltr'><strong>eiu-</strong></span> <span class='ocrx_word' id='word_1_179' title='bbox 881 1660 955 1728; x_wconf 88' lang='grc'><strong>9444</strong></span> <span class='ocrx_word' id='word_1_180' title='bbox 977 1645 1180 1706; x_wconf 80' lang='grc'><strong>0444444444.</strong></span> <span class='ocrx_word' id='word_1_181' title='bbox 1204 1645 1246 1704; x_wconf 88' lang='grc'><strong>04</strong></span> <span class='ocrx_word' id='word_1_182' title='bbox 1267 1643 1472 1706; x_wconf 86' lang='lat' dir='ltr'><strong>sanctionibus</strong></span> <span class='ocrx_word' id='word_1_183' title='bbox 1504 1645 1606 1707; x_wconf 84' lang='lat' dir='ltr'><strong>Eccle-</strong></span> 
     </span>
     <span class='ocr_line' id='line_1_18' title="bbox 106 1730 1601 1822; baseline 0.006 -29"><span class='ocrx_word' id='word_1_184' title='bbox 106 1730 194 1796; x_wconf 89' lang='lat' dir='ltr'><strong>sdem</strong></span> <span class='ocrx_word' id='word_1_185' title='bbox 216 1732 356 1794; x_wconf 84' lang='lat' dir='ltr'><strong>Coenobii</strong></span> <span class='ocrx_word' id='word_1_186' title='bbox 377 1733 531 1794; x_wconf 84' lang='grc'><strong>4444444444.</strong></span> <span class='ocrx_word' id='word_1_187' title='bbox 555 1733 756 1796; x_wconf 84' lang='lat' dir='ltr'><strong>hbbreriator</strong></span> <span class='ocrx_word' id='word_1_188' title='bbox 777 1737 830 1822; x_wconf 88' lang='lat' dir='ltr'><strong>ho-</strong></span> <span class='ocrx_word' id='word_1_189' title='bbox 884 1737 1028 1798; x_wconf 79' lang='grc'><strong>44444444.</strong></span> <span class='ocrx_word' id='word_1_190' title='bbox 1052 1738 1245 1814; x_wconf 81' lang='grc'><strong>0444444444</strong></span> <span class='ocrx_word' id='word_1_191' title='bbox 1269 1735 1469 1817; x_wconf 77' lang='grc'><strong>4444494444.</strong></span> <span class='ocrx_word' id='word_1_192' title='bbox 1501 1743 1601 1821; x_wconf 84' lang='lat' dir='ltr'><strong>Longe</strong></span> 
     </span>
     <span class='ocr_line' id='line_1_19' title="bbox 108 1823 1604 1908; baseline 0.006 -22"><span class='ocrx_word' id='word_1_193' title='bbox 108 1841 179 1888; x_wconf 90' lang='lat' dir='ltr'><strong>rum</strong></span> <span class='ocrx_word' id='word_1_194' title='bbox 213 1825 432 1888; x_wconf 76' lang='lat' dir='ltr'><strong>chronicorum</strong></span> <span class='ocrx_word' id='word_1_195' title='bbox 455 1823 569 1888; x_wconf 87' lang='lat' dir='ltr'><strong>adhuc</strong></span> <span class='ocrx_word' id='word_1_196' title='bbox 587 1827 769 1891; x_wconf 89' lang='lat' dir='ltr'><strong>ineditorum</strong></span> <span class='ocrx_word' id='word_1_197' title='bbox 792 1831 828 1892; x_wconf 86' lang='lat' dir='ltr'><strong>ad</strong></span> <span class='ocrx_word' id='word_1_198' title='bbox 885 1831 969 1908; x_wconf 90' lang='lat' dir='ltr'><strong>plura</strong></span> <span class='ocrx_word' id='word_1_199' title='bbox 993 1827 1109 1890; x_wconf 89' lang='lat' dir='ltr'><strong>addunt</strong></span> <span class='ocrx_word' id='word_1_200' title='bbox 1131 1831 1239 1892; x_wconf 87' lang='lat' dir='ltr'><strong>Baleus</strong></span> <span class='ocrx_word' id='word_1_201' title='bbox 1261 1829 1337 1891; x_wconf 89' lang='lat' dir='ltr'><strong>vlll.</strong></span> <span class='ocrx_word' id='word_1_202' title='bbox 1360 1832 1408 1891; x_wconf 86' lang='lat' dir='ltr'><strong>3t.</strong></span> <span class='ocrx_word' id='word_1_203' title='bbox 1432 1840 1462 1894; x_wconf 92' lang='lat' dir='ltr'><strong>et</strong></span> <span class='ocrx_word' id='word_1_204' title='bbox 1485 1835 1604 1895; x_wconf 87' lang='lat' dir='ltr'><strong>Pitseus</strong></span> 
     </span>
     <span class='ocr_line' id='line_1_20' title="bbox 107 1915 1605 2006; baseline 0.005 -26"><span class='ocrx_word' id='word_1_205' title='bbox 107 1917 165 1980; x_wconf 79' lang='lat' dir='ltr'><strong>lin</strong></span> <span class='ocrx_word' id='word_1_206' title='bbox 190 1919 276 1979; x_wconf 89' lang='grc'><strong>4440.</strong></span> <span class='ocrx_word' id='word_1_207' title='bbox 299 1915 411 1980; x_wconf 79' lang='lat' dir='ltr'><strong>Eodem</strong></span> <span class='ocrx_word' id='word_1_208' title='bbox 431 1935 510 1980; x_wconf 89' lang='lat' dir='ltr'><strong>anna</strong></span> <span class='ocrx_word' id='word_1_209' title='bbox 539 1920 572 1980; x_wconf 89' lang='grc'><strong>44</strong></span> <span class='ocrx_word' id='word_1_210' title='bbox 592 1921 726 1981; x_wconf 84' lang='lat' dir='ltr'><strong>crastino</strong></span> <span class='ocrx_word' id='word_1_211' title='bbox 749 1922 830 1986; x_wconf 86' lang='grc'><strong>0444-</strong></span> <span class='ocrx_word' id='word_1_212' title='bbox 883 1937 952 2002; x_wconf 85' lang='lat' dir='ltr'><strong>pag.</strong></span> <span class='ocrx_word' id='word_1_213' title='bbox 973 1923 1042 1983; x_wconf 84' lang='grc'><strong>005.</strong></span> <span class='ocrx_word' id='word_1_214' title='bbox 1062 1927 1111 1984; x_wconf 93' lang='lat' dir='ltr'><strong>cui</strong></span> <span class='ocrx_word' id='word_1_215' title='bbox 1134 1924 1182 1986; x_wconf 90' lang='lat' dir='ltr'><strong>ille</strong></span> <span class='ocrx_word' id='word_1_216' title='bbox 1202 1919 1332 1984; x_wconf 77' lang='grc'><strong>14444444</strong></span> <span class='ocrx_word' id='word_1_217' title='bbox 1352 1923 1533 1986; x_wconf 83' lang='grc'><strong>8444444444</strong></span> <span class='ocrx_word' id='word_1_218' title='bbox 1553 1944 1605 2006; x_wconf 89' lang='lat' dir='ltr'><strong>ap-</strong></span> 
     </span>
     <span class='ocr_line' id='line_1_21' title="bbox 107 2009 1605 2098; baseline 0.006 -26"><span class='ocrx_word' id='word_1_219' title='bbox 107 2011 161 2072; x_wconf 75' lang='lat' dir='ltr'><strong>roti</strong></span> <span class='ocrx_word' id='word_1_220' title='bbox 178 2013 189 2088; x_wconf 80' lang='grc'><strong>4</strong></span> <span class='ocrx_word' id='word_1_221' title='bbox 203 2013 241 2073; x_wconf 88' lang='grc'><strong>44</strong></span> <span class='ocrx_word' id='word_1_222' title='bbox 262 2011 403 2088; x_wconf 81' lang='lat' dir='ltr'><strong>Octobr.)</strong></span> <span class='ocrx_word' id='word_1_223' title='bbox 425 2010 559 2072; x_wconf 86' lang='lat' dir='ltr'><strong>obiitin</strong></span> <span class='ocrx_word' id='word_1_224' title='bbox 592 2009 778 2076; x_wconf 85' lang='lat' dir='ltr'><strong>Manasterio</strong></span> <span class='ocrx_word' id='word_1_225' title='bbox 798 2017 829 2079; x_wconf 85' lang='grc'><strong>8.</strong></span> <span class='ocrx_word' id='word_1_226' title='bbox 882 2015 1036 2093; x_wconf 90' lang='lat' dir='ltr'><strong>pellatur,</strong></span> <span class='ocrx_word' id='word_1_227' title='bbox 1070 2015 1114 2076; x_wconf 86' lang='grc'><strong>04</strong></span> <span class='ocrx_word' id='word_1_228' title='bbox 1146 2011 1251 2095; x_wconf 80' lang='lat' dir='ltr'><strong>vigore</strong></span> <span class='ocrx_word' id='word_1_229' title='bbox 1285 2015 1316 2078; x_wconf 90' lang='grc'><strong>8.</strong></span> <span class='ocrx_word' id='word_1_230' title='bbox 1351 2017 1541 2098; x_wconf 76' lang='lat' dir='ltr'><strong>Scripturas.</strong></span> <span class='ocrx_word' id='word_1_231' title='bbox 1562 2021 1605 2081; x_wconf 90' lang='grc'><strong>04</strong></span> 
     </span>
     <span class='ocr_line' id='line_1_22' title="bbox 109 2103 1604 2192; baseline 0.005 -27"><span class='ocrx_word' id='word_1_232' title='bbox 109 2103 270 2166; x_wconf 77' lang='lat' dir='ltr'><strong>Lamentri</strong></span> <span class='ocrx_word' id='word_1_233' title='bbox 290 2105 413 2168; x_wconf 89' lang='lat' dir='ltr'><strong>Nonnns</strong></span> <span class='ocrx_word' id='word_1_234' title='bbox 433 2107 566 2168; x_wconf 81' lang='lat' dir='ltr'><strong>loannes</strong></span> <span class='ocrx_word' id='word_1_235' title='bbox 586 2106 623 2167; x_wconf 88' lang='lat' dir='ltr'><strong>de</strong></span> <span class='ocrx_word' id='word_1_236' title='bbox 644 2107 829 2188; x_wconf 73' lang='lat' dir='ltr'><strong>Stabulum,</strong></span> <span class='ocrx_word' id='word_1_237' title='bbox 880 2107 1099 2187; x_wconf 80' lang='lat' dir='ltr'><strong>praempatina</strong></span> <span class='ocrx_word' id='word_1_238' title='bbox 1130 2107 1353 2171; x_wconf 79' lang='lat' dir='ltr'><strong>Ecclesiastico.</strong></span> <span class='ocrx_word' id='word_1_239' title='bbox 1389 2109 1431 2171; x_wconf 87' lang='lat' dir='ltr'><strong>De</strong></span> <span class='ocrx_word' id='word_1_240' title='bbox 1461 2117 1604 2192; x_wconf 79' lang='lat' dir='ltr'><strong>potestate</strong></span> 
     </span>
     <span class='ocr_line' id='line_1_23' title="bbox 107 2197 1603 2280; baseline 0.005 -21"><span class='ocrx_word' id='word_1_241' title='bbox 107 2197 272 2259; x_wconf 75' lang='lat' dir='ltr'><strong>monnellus</strong></span> <span class='ocrx_word' id='word_1_242' title='bbox 285 2197 455 2280; x_wconf 74' lang='lat' dir='ltr'><strong>professas,</strong></span> <span class='ocrx_word' id='word_1_243' title='bbox 471 2197 646 2279; x_wconf 80' lang='grc'><strong>4444444444</strong></span> <span class='ocrx_word' id='word_1_244' title='bbox 664 2199 831 2265; x_wconf 74' lang='lat' dir='ltr'><strong>chronicas</strong></span> <span class='ocrx_word' id='word_1_245' title='bbox 885 2198 1049 2280; x_wconf 65' lang='lat' dir='ltr'><strong>lanificia</strong></span> <span class='ocrx_word' id='word_1_246' title='bbox 1085 2199 1131 2262; x_wconf 87' lang='grc'><strong>04</strong></span> <span class='ocrx_word' id='word_1_247' title='bbox 1151 2201 1325 2264; x_wconf 87' lang='lat' dir='ltr'><strong>discrimine</strong></span> <span class='ocrx_word' id='word_1_248' title='bbox 1345 2204 1603 2267; x_wconf 77' lang='lat' dir='ltr'><strong>iurisdictionem.</strong></span> 
     </span>
     <span class='ocr_line' id='line_1_24' title="bbox 96 2281 1607 2376; baseline 0.005 -25"><span class='ocrx_word' id='word_1_249' title='bbox 96 2281 234 2370; x_wconf 76' lang='lat' dir='ltr'><strong>&#39;scripsit</strong></span> <span class='ocrx_word' id='word_1_250' title='bbox 263 2297 294 2353; x_wconf 88' lang='grc'><strong>44</strong></span> <span class='ocrx_word' id='word_1_251' title='bbox 322 2291 515 2373; x_wconf 79' lang='lat' dir='ltr'><strong>compilavit,</strong></span> <span class='ocrx_word' id='word_1_252' title='bbox 537 2309 580 2354; x_wconf 80' lang='lat' dir='ltr'><strong>aa</strong></span> <span class='ocrx_word' id='word_1_253' title='bbox 599 2291 712 2373; x_wconf 77' lang='lat' dir='ltr'><strong>onibus</strong></span> <span class='ocrx_word' id='word_1_254' title='bbox 731 2297 832 2376; x_wconf 77' lang='lat' dir='ltr'><strong>juata</strong></span> <span class='ocrx_word' id='word_1_255' title='bbox 885 2294 986 2373; x_wconf 78' lang='lat' dir='ltr'><strong>snper</strong></span> <span class='ocrx_word' id='word_1_256' title='bbox 1007 2295 1193 2373; x_wconf 80' lang='grc'><strong>4449444444</strong></span> <span class='ocrx_word' id='word_1_257' title='bbox 1214 2298 1447 2359; x_wconf 85' lang='lat' dir='ltr'><strong>Sententiarum.</strong></span> <span class='ocrx_word' id='word_1_258' title='bbox 1467 2299 1508 2360; x_wconf 87' lang='grc'><strong>04</strong></span> <span class='ocrx_word' id='word_1_259' title='bbox 1525 2298 1607 2359; x_wconf 86' lang='lat' dir='ltr'><strong>laba-</strong></span> 
     </span>
     <span class='ocr_line' id='line_1_25' title="bbox 105 2380 1607 2468; baseline 0.003 -18"><span class='ocrx_word' id='word_1_260' title='bbox 105 2381 320 2464; x_wconf 64' lang='lat' dir='ltr'><strong>madentia</strong></span> <span class='ocrx_word' id='word_1_261' title='bbox 342 2391 471 2468; x_wconf 79' lang='lat' dir='ltr'><strong>accepta</strong></span> <span class='ocrx_word' id='word_1_262' title='bbox 487 2391 566 2448; x_wconf 89' lang='lat' dir='ltr'><strong>sant.</strong></span> <span class='ocrx_word' id='word_1_263' title='bbox 584 2385 658 2449; x_wconf 83' lang='lat' dir='ltr'><strong>Vide</strong></span> <span class='ocrx_word' id='word_1_264' title='bbox 679 2389 831 2452; x_wconf 88' lang='lat' dir='ltr'><strong>Valerium</strong></span> <span class='ocrx_word' id='word_1_265' title='bbox 886 2388 933 2448; x_wconf 87' lang='lat' dir='ltr'><strong>ris</strong></span> <span class='ocrx_word' id='word_1_266' title='bbox 946 2386 1085 2449; x_wconf 82' lang='lat' dir='ltr'><strong>uniuersi</strong></span> <span class='ocrx_word' id='word_1_267' title='bbox 1094 2403 1241 2468; x_wconf 79' lang='lat' dir='ltr'><strong>proemio.</strong></span> <span class='ocrx_word' id='word_1_268' title='bbox 1259 2391 1417 2454; x_wconf 77' lang='lat' dir='ltr'><strong>Sermones</strong></span> <span class='ocrx_word' id='word_1_269' title='bbox 1431 2409 1532 2454; x_wconf 87' lang='lat' dir='ltr'><strong>coram</strong></span> <span class='ocrx_word' id='word_1_270' title='bbox 1551 2380 1607 2454; x_wconf 85' lang='grc'><strong>444-</strong></span> 
     </span>
     <span class='ocr_line' id='line_1_26' title="bbox 109 2473 1605 2565; baseline 0.006 -27"><span class='ocrx_word' id='word_1_271' title='bbox 109 2473 263 2539; x_wconf 72' lang='grc'><strong>4444444</strong></span> <span class='ocrx_word' id='word_1_272' title='bbox 284 2493 351 2558; x_wconf 88' lang='lat' dir='ltr'><strong>pag.</strong></span> <span class='ocrx_word' id='word_1_273' title='bbox 376 2477 444 2540; x_wconf 81' lang='lat' dir='ltr'><strong>tsi.</strong></span> <span class='ocrx_word' id='word_1_274' title='bbox 466 2481 540 2540; x_wconf 79' lang='lat' dir='ltr'><strong>bibl.</strong></span> <span class='ocrx_word' id='word_1_275' title='bbox 561 2481 707 2560; x_wconf 85' lang='lat' dir='ltr'><strong>Belgicae.</strong></span> <span class='ocrx_word' id='word_1_276' title='bbox 740 2483 833 2544; x_wconf 83' lang='grc'><strong>04444-</strong></span> <span class='ocrx_word' id='word_1_277' title='bbox 886 2497 943 2559; x_wconf 88' lang='lat' dir='ltr'><strong>ge,</strong></span> <span class='ocrx_word' id='word_1_278' title='bbox 964 2479 1002 2541; x_wconf 89' lang='lat' dir='ltr'><strong>ad</strong></span> <span class='ocrx_word' id='word_1_279' title='bbox 1023 2482 1145 2544; x_wconf 83' lang='lat' dir='ltr'><strong>clerum</strong></span> <span class='ocrx_word' id='word_1_280' title='bbox 1168 2488 1199 2542; x_wconf 86' lang='lat' dir='ltr'><strong>et</strong></span> <span class='ocrx_word' id='word_1_281' title='bbox 1220 2483 1257 2544; x_wconf 91' lang='lat' dir='ltr'><strong>ad</strong></span> <span class='ocrx_word' id='word_1_282' title='bbox 1281 2486 1437 2562; x_wconf 86' lang='lat' dir='ltr'><strong>Populum.</strong></span> <span class='ocrx_word' id='word_1_283' title='bbox 1467 2485 1509 2546; x_wconf 85' lang='lat' dir='ltr'><strong>Do</strong></span> <span class='ocrx_word' id='word_1_284' title='bbox 1526 2485 1605 2565; x_wconf 83' lang='grc'><strong>4494·-</strong></span> 
     </span>
    </p>
   </div>
   <div class='ocr_carea' id='block_1_4' title="bbox 108 2569 1716 2656">
    <p class='ocr_par' dir='ltr' id='par_1_5' title="bbox 108 2569 1716 2656">
     <span class='ocr_line' id='line_1_27' title="bbox 108 2569 1716 2656; baseline 0.009 -26"><span class='ocrx_word' id='word_1_285' title='bbox 108 2571 197 2631; x_wconf 88' lang='lat' dir='ltr'><strong>cicon</strong></span> <span class='ocrx_word' id='word_1_286' title='bbox 227 2569 382 2633; x_wconf 83' lang='lat' dir='ltr'><strong>Stabulani</strong></span> <span class='ocrx_word' id='word_1_287' title='bbox 416 2571 532 2634; x_wconf 89' lang='lat' dir='ltr'><strong>editum</strong></span> <span class='ocrx_word' id='word_1_288' title='bbox 555 2587 623 2634; x_wconf 84' lang='lat' dir='ltr'><strong>essa</strong></span> <span class='ocrx_word' id='word_1_289' title='bbox 645 2591 661 2636; x_wconf 93' lang='grc'><strong>4</strong></span> <span class='ocrx_word' id='word_1_290' title='bbox 683 2577 728 2635; x_wconf 89' lang='lat' dir='ltr'><strong>lo.</strong></span> <span class='ocrx_word' id='word_1_291' title='bbox 754 2577 833 2637; x_wconf 76' lang='grc'><strong>0444</strong></span> <span class='ocrx_word' id='word_1_292' title='bbox 887 2573 966 2633; x_wconf 91' lang='lat' dir='ltr'><strong>mine</strong></span> <span class='ocrx_word' id='word_1_293' title='bbox 998 2572 1222 2635; x_wconf 84' lang='lat' dir='ltr'><strong>celebrantium.</strong></span> <span class='ocrx_word' id='word_1_294' title='bbox 1244 2577 1286 2635; x_wconf 84' lang='grc'><strong>04</strong></span> <span class='ocrx_word' id='word_1_295' title='bbox 1307 2585 1440 2656; x_wconf 78' lang='lat' dir='ltr'><strong>poeninon</strong></span> <span class='ocrx_word' id='word_1_296' title='bbox 1460 2580 1604 2643; x_wconf 82' lang='lat' dir='ltr'><strong>orinimis.</strong></span> <span class='ocrx_word' id='word_1_297' title='bbox 1711 2621 1716 2628; x_wconf 90' lang='lat'>-</span> 
     </span>
    </p>
   </div>
   <div class='ocr_carea' id='block_1_5' title="bbox 72 2661 1676 4899">
    <p class='ocr_par' dir='ltr' id='par_1_6' title="bbox 72 2661 1676 4883">
     <span class='ocr_line' id='line_1_28' title="bbox 108 2661 1606 2753; baseline 0.006 -30"><span class='ocrx_word' id='word_1_298' title='bbox 108 2661 251 2743; x_wconf 91' lang='lat' dir='ltr'><strong>peaviilio</strong></span> <span class='ocrx_word' id='word_1_299' title='bbox 264 2665 401 2728; x_wconf 85' lang='lat' dir='ltr'><strong>scribunt</strong></span> <span class='ocrx_word' id='word_1_300' title='bbox 418 2665 608 2741; x_wconf 71' lang='lat' dir='ltr'><strong>sincerius,</strong></span> <span class='ocrx_word' id='word_1_301' title='bbox 628 2669 761 2747; x_wconf 86' lang='lat' dir='ltr'><strong>Vossius,</strong></span> <span class='ocrx_word' id='word_1_302' title='bbox 780 2671 832 2732; x_wconf 87' lang='grc'><strong>444-</strong></span> <span class='ocrx_word' id='word_1_303' title='bbox 886 2667 1032 2727; x_wconf 79' lang='lat' dir='ltr'><strong>tecturas</strong></span> <span class='ocrx_word' id='word_1_304' title='bbox 1054 2667 1250 2729; x_wconf 85' lang='lat' dir='ltr'><strong>anonienses.</strong></span> <span class='ocrx_word' id='word_1_305' title='bbox 1273 2668 1315 2728; x_wconf 88' lang='grc'><strong>04</strong></span> <span class='ocrx_word' id='word_1_306' title='bbox 1341 2669 1405 2750; x_wconf 73' lang='lat' dir='ltr'><strong>salo</strong></span> <span class='ocrx_word' id='word_1_307' title='bbox 1425 2677 1455 2731; x_wconf 93' lang='lat' dir='ltr'><strong>et</strong></span> <span class='ocrx_word' id='word_1_308' title='bbox 1471 2670 1606 2753; x_wconf 71' lang='lat' dir='ltr'><strong>fortuito.</strong></span> 
     </span>
     <span class='ocr_line' id='line_1_29' title="bbox 109 2757 1605 2840; baseline 0.006 -22"><span class='ocrx_word' id='word_1_309' title='bbox 109 2773 218 2820; x_wconf 81' lang='lat' dir='ltr'><strong>meus:</strong></span> <span class='ocrx_word' id='word_1_310' title='bbox 242 2757 296 2818; x_wconf 88' lang='lat' dir='ltr'><strong>sed</strong></span> <span class='ocrx_word' id='word_1_311' title='bbox 334 2761 362 2818; x_wconf 91' lang='lat' dir='ltr'><strong>in</strong></span> <span class='ocrx_word' id='word_1_312' title='bbox 396 2758 594 2840; x_wconf 73' lang='lat' dir='ltr'><strong>chapeavillil</strong></span> <span class='ocrx_word' id='word_1_313' title='bbox 617 2763 715 2823; x_wconf 90' lang='lat' dir='ltr'><strong>tribus</strong></span> <span class='ocrx_word' id='word_1_314' title='bbox 742 2767 832 2825; x_wconf 89' lang='lat' dir='ltr'><strong>tomis</strong></span> <span class='ocrx_word' id='word_1_315' title='bbox 889 2759 1127 2822; x_wconf 82' lang='lat' dir='ltr'><strong>Commentarios</strong></span> <span class='ocrx_word' id='word_1_316' title='bbox 1156 2765 1184 2820; x_wconf 89' lang='grc'><strong>44</strong></span> <span class='ocrx_word' id='word_1_317' title='bbox 1217 2762 1392 2822; x_wconf 84' lang='grc'><strong>4444444444</strong></span> <span class='ocrx_word' id='word_1_318' title='bbox 1424 2765 1605 2827; x_wconf 81' lang='grc' dir='ltr'><strong>444044444οί</strong></span> 
     </span>
     <span class='ocr_line' id='line_1_30' title="bbox 109 2851 1606 2936; baseline 0.004 -24"><span class='ocrx_word' id='word_1_319' title='bbox 109 2859 194 2930; x_wconf 87' lang='lat' dir='ltr'><strong>gesta</strong></span> <span class='ocrx_word' id='word_1_320' title='bbox 218 2852 395 2914; x_wconf 84' lang='lat' dir='ltr'><strong>Pontificum</strong></span> <span class='ocrx_word' id='word_1_321' title='bbox 420 2854 632 2916; x_wconf 77' lang='lat' dir='ltr'><strong>leodiensium</strong></span> <span class='ocrx_word' id='word_1_322' title='bbox 654 2857 830 2936; x_wconf 76' lang='lat' dir='ltr'><strong>completis,</strong></span> <span class='ocrx_word' id='word_1_323' title='bbox 885 2851 1045 2914; x_wconf 82' lang='grc'><strong>4444444444.</strong></span> <span class='ocrx_word' id='word_1_324' title='bbox 1080 2851 1194 2914; x_wconf 82' lang='grc'><strong>4444444</strong></span> <span class='ocrx_word' id='word_1_325' title='bbox 1216 2856 1245 2914; x_wconf 92' lang='lat' dir='ltr'><strong>in</strong></span> <span class='ocrx_word' id='word_1_326' title='bbox 1268 2856 1380 2934; x_wconf 88' lang='lat' dir='ltr'><strong>scripta</strong></span> <span class='ocrx_word' id='word_1_327' title='bbox 1401 2857 1550 2934; x_wconf 79' lang='lat' dir='ltr'><strong>quaedam</strong></span> <span class='ocrx_word' id='word_1_328' title='bbox 1574 2857 1606 2920; x_wconf 87' lang='grc'><strong>8.</strong></span> 
     </span>
     <span class='ocr_line' id='line_1_31' title="bbox 72 2943 1603 3030; baseline 0.007 -27"><span class='ocrx_word' id='word_1_329' title='bbox 72 2946 159 3022; x_wconf 86' lang='lat' dir='ltr'><strong>·qui</strong></span> <span class='ocrx_word' id='word_1_330' title='bbox 183 2943 283 3005; x_wconf 90' lang='lat' dir='ltr'><strong>lucem</strong></span> <span class='ocrx_word' id='word_1_331' title='bbox 318 2945 463 3006; x_wconf 86' lang='lat' dir='ltr'><strong>viderunt</strong></span> <span class='ocrx_word' id='word_1_332' title='bbox 484 2947 585 3009; x_wconf 89' lang='lat' dir='ltr'><strong>Leodii</strong></span> <span class='ocrx_word' id='word_1_333' title='bbox 608 2951 695 3012; x_wconf 87' lang='grc'><strong>4043.</strong></span> <span class='ocrx_word' id='word_1_334' title='bbox 720 2949 747 3010; x_wconf 95' lang='grc'><strong>3.</strong></span> <span class='ocrx_word' id='word_1_335' title='bbox 772 2952 832 3012; x_wconf 89' lang='lat' dir='ltr'><strong>iru-</strong></span> <span class='ocrx_word' id='word_1_336' title='bbox 887 2946 1113 3028; x_wconf 76' lang='lat' dir='ltr'><strong>chrysostomi,</strong></span> <span class='ocrx_word' id='word_1_337' title='bbox 1142 2943 1321 3027; x_wconf 74' lang='lat' dir='ltr'><strong>Augustini,</strong></span> <span class='ocrx_word' id='word_1_338' title='bbox 1354 2947 1603 3030; x_wconf 67' lang='lat' dir='ltr'><strong>increparint</strong></span> 
     </span>
     <span class='ocr_line' id='line_1_32' title="bbox 108 3037 1117 3122; baseline 0.001 -24"><span class='ocrx_word' id='word_1_339' title='bbox 108 3045 171 3098; x_wconf 86' lang='lat' dir='ltr'><strong>stra</strong></span> <span class='ocrx_word' id='word_1_340' title='bbox 201 3037 422 3114; x_wconf 79' lang='lat' dir='ltr'><strong>stabulacum,</strong></span> <span class='ocrx_word' id='word_1_341' title='bbox 445 3039 687 3121; x_wconf 75' lang='lat' dir='ltr'><strong>lossensemque</strong></span> <span class='ocrx_word' id='word_1_342' title='bbox 710 3045 831 3122; x_wconf 86' lang='lat' dir='ltr'><strong>quaesi</strong></span> <span class='ocrx_word' id='word_1_343' title='bbox 888 3038 1027 3100; x_wconf 86' lang='lat' dir='ltr'><strong>humilias</strong></span> <span class='ocrx_word' id='word_1_344' title='bbox 1049 3040 1117 3099; x_wconf 87' lang='grc'><strong>444.</strong></span> 
     </span>
     <span class='ocr_line' id='line_1_33' title="bbox 109 3129 1607 3218; baseline 0.007 -28"><span class='ocrx_word' id='word_1_345' title='bbox 109 3131 202 3191; x_wconf 83' lang='lat' dir='ltr'><strong>reris</strong></span> <span class='ocrx_word' id='word_1_346' title='bbox 926 3129 1097 3194; x_wconf 79' lang='grc'><strong>40444408</strong></span> <span class='ocrx_word' id='word_1_347' title='bbox 1129 3131 1347 3217; x_wconf 77' lang='grc'><strong>8444444944,</strong></span> <span class='ocrx_word' id='word_1_348' title='bbox 1381 3135 1607 3218; x_wconf 81' lang='lat' dir='ltr'><strong>Stenohurgns,</strong></span> 
     </span>
     <span class='ocr_line' id='line_1_34' title="bbox 148 3221 1608 3307; baseline 0.007 -23"><span class='ocrx_word' id='word_1_349' title='bbox 148 3221 322 3286; x_wconf 81' lang='grc'><strong>4044444148</strong></span> <span class='ocrx_word' id='word_1_350' title='bbox 344 3223 511 3304; x_wconf 72' lang='grc'><strong>8444444444</strong></span> <span class='ocrx_word' id='word_1_351' title='bbox 532 3227 668 3307; x_wconf 80' lang='lat' dir='ltr'><strong>Anglus,</strong></span> <span class='ocrx_word' id='word_1_352' title='bbox 690 3231 761 3292; x_wconf 91' lang='lat' dir='ltr'><strong>Ord.</strong></span> <span class='ocrx_word' id='word_1_353' title='bbox 779 3233 831 3293; x_wconf 89' lang='grc'><strong>444-</strong></span> <span class='ocrx_word' id='word_1_354' title='bbox 884 3225 951 3286; x_wconf 92' lang='lat' dir='ltr'><strong>aliis</strong></span> <span class='ocrx_word' id='word_1_355' title='bbox 978 3223 1193 3306; x_wconf 79' lang='lat' dir='ltr'><strong>Stanbrigiur,</strong></span> <span class='ocrx_word' id='word_1_356' title='bbox 1220 3227 1356 3306; x_wconf 81' lang='lat' dir='ltr'><strong>hnglus,</strong></span> <span class='ocrx_word' id='word_1_357' title='bbox 1384 3227 1608 3295; x_wconf 85' lang='lat' dir='ltr'><strong>Grammaticus</strong></span> 
     </span>
     <span class='ocr_line' id='line_1_35' title="bbox 109 3319 1609 3400; baseline 0.007 -22"><span class='ocrx_word' id='word_1_358' title='bbox 109 3333 172 3380; x_wconf 89' lang='lat' dir='ltr'><strong>nor.</strong></span> <span class='ocrx_word' id='word_1_359' title='bbox 190 3319 326 3380; x_wconf 72' lang='lat' dir='ltr'><strong>circat.</strong></span> <span class='ocrx_word' id='word_1_360' title='bbox 347 3321 433 3384; x_wconf 87' lang='grc'><strong>4380.</strong></span> <span class='ocrx_word' id='word_1_361' title='bbox 452 3324 575 3400; x_wconf 89' lang='lat' dir='ltr'><strong>scripsit</strong></span> <span class='ocrx_word' id='word_1_362' title='bbox 592 3323 830 3385; x_wconf 77' lang='grc'><strong>0444444444-</strong></span> <span class='ocrx_word' id='word_1_363' title='bbox 884 3319 1024 3380; x_wconf 72' lang='grc'><strong>04444444</strong></span> <span class='ocrx_word' id='word_1_364' title='bbox 1042 3321 1128 3381; x_wconf 78' lang='grc'><strong>4540</strong></span> <span class='ocrx_word' id='word_1_365' title='bbox 1148 3322 1275 3400; x_wconf 76' lang='lat' dir='ltr'><strong>Scripsit</strong></span> <span class='ocrx_word' id='word_1_366' title='bbox 1296 3321 1527 3385; x_wconf 75' lang='lat' dir='ltr'><strong>Vocabulurntm</strong></span> <span class='ocrx_word' id='word_1_367' title='bbox 1541 3343 1609 3387; x_wconf 86' lang='lat' dir='ltr'><strong>ver</strong></span> 
     </span>
     <span class='ocr_line' id='line_1_36' title="bbox 105 3409 1608 3497; baseline 0.009 -31"><span class='ocrx_word' id='word_1_368' title='bbox 105 3409 248 3492; x_wconf 80' lang='grc'><strong>94444444,</strong></span> <span class='ocrx_word' id='word_1_369' title='bbox 263 3427 322 3489; x_wconf 83' lang='lat' dir='ltr'><strong>qus</strong></span> <span class='ocrx_word' id='word_1_370' title='bbox 342 3429 418 3474; x_wconf 83' lang='lat' dir='ltr'><strong>usas</strong></span> <span class='ocrx_word' id='word_1_371' title='bbox 435 3411 566 3475; x_wconf 80' lang='lat' dir='ltr'><strong>loannes</strong></span> <span class='ocrx_word' id='word_1_372' title='bbox 583 3415 699 3478; x_wconf 73' lang='lat' dir='ltr'><strong>Roseus</strong></span> <span class='ocrx_word' id='word_1_373' title='bbox 715 3418 752 3477; x_wconf 67' lang='lat' dir='ltr'><strong>de,</strong></span> <span class='ocrx_word' id='word_1_374' title='bbox 769 3436 829 3497; x_wconf 79' lang='lat' dir='ltr'><strong>quo</strong></span> <span class='ocrx_word' id='word_1_375' title='bbox 885 3411 969 3472; x_wconf 83' lang='lat' dir='ltr'><strong>sibus</strong></span> <span class='ocrx_word' id='word_1_376' title='bbox 987 3411 1190 3488; x_wconf 85' lang='lat' dir='ltr'><strong>hexametris,</strong></span> <span class='ocrx_word' id='word_1_377' title='bbox 1208 3429 1336 3491; x_wconf 88' lang='lat' dir='ltr'><strong>quorum</strong></span> <span class='ocrx_word' id='word_1_378' title='bbox 1357 3417 1495 3480; x_wconf 89' lang='lat' dir='ltr'><strong>initium.</strong></span> <span class='ocrx_word' id='word_1_379' title='bbox 1511 3420 1608 3482; x_wconf 84' lang='lat' dir='ltr'><strong>Sinai-</strong></span> 
     </span>
     <span class='ocr_line' id='line_1_37' title="bbox 108 3501 1607 3589; baseline 0.008 -25"><span class='ocrx_word' id='word_1_380' title='bbox 108 3519 209 3583; x_wconf 89' lang='lat' dir='ltr'><strong>supra.</strong></span> <span class='ocrx_word' id='word_1_381' title='bbox 234 3501 307 3566; x_wconf 85' lang='lat' dir='ltr'><strong>Vide</strong></span> <span class='ocrx_word' id='word_1_382' title='bbox 338 3505 504 3568; x_wconf 82' lang='lat' dir='ltr'><strong>Lelandhm</strong></span> <span class='ocrx_word' id='word_1_383' title='bbox 526 3525 591 3588; x_wconf 59' lang='lat' dir='ltr'><strong>cap.</strong></span> <span class='ocrx_word' id='word_1_384' title='bbox 615 3509 682 3569; x_wconf 88' lang='grc'><strong>479.</strong></span> <span class='ocrx_word' id='word_1_385' title='bbox 703 3510 827 3572; x_wconf 85' lang='lat' dir='ltr'><strong>Balaam</strong></span> <span class='ocrx_word' id='word_1_386' title='bbox 881 3509 1120 3584; x_wconf 60' lang='lat' dir='ltr'><strong>liudewitico),</strong></span> <span class='ocrx_word' id='word_1_387' title='bbox 1135 3513 1244 3586; x_wconf 73' lang='grc'><strong>040444,</strong></span> <span class='ocrx_word' id='word_1_388' title='bbox 1261 3508 1384 3589; x_wconf 72' lang='lat' dir='ltr'><strong>conpar.</strong></span> <span class='ocrx_word' id='word_1_389' title='bbox 1402 3508 1607 3574; x_wconf 81' lang='lat' dir='ltr'><strong>Paraulorum</strong></span> 
     </span>
     <span class='ocr_line' id='line_1_38' title="bbox 112 3595 1609 3684; baseline 0.005 -24"><span class='ocrx_word' id='word_1_390' title='bbox 112 3595 156 3660; x_wconf 88' lang='grc'><strong>44.</strong></span> <span class='ocrx_word' id='word_1_391' title='bbox 184 3597 231 3658; x_wconf 66' lang='lat' dir='ltr'><strong>ib.</strong></span> <span class='ocrx_word' id='word_1_392' title='bbox 254 3595 388 3660; x_wconf 84' lang='lat' dir='ltr'><strong>Pitseutn</strong></span> <span class='ocrx_word' id='word_1_393' title='bbox 404 3615 468 3679; x_wconf 86' lang='lat' dir='ltr'><strong>pag.</strong></span> <span class='ocrx_word' id='word_1_394' title='bbox 488 3599 555 3662; x_wconf 80' lang='lat' dir='ltr'><strong>ma.</strong></span> <span class='ocrx_word' id='word_1_395' title='bbox 578 3601 781 3683; x_wconf 85' lang='lat' dir='ltr'><strong>Waddlngum</strong></span> <span class='ocrx_word' id='word_1_396' title='bbox 800 3623 828 3684; x_wconf 90' lang='lat' dir='ltr'><strong>p.</strong></span> <span class='ocrx_word' id='word_1_397' title='bbox 884 3597 1093 3662; x_wconf 85' lang='lat' dir='ltr'><strong>institutiones.</strong></span> <span class='ocrx_word' id='word_1_398' title='bbox 1115 3600 1158 3660; x_wconf 87' lang='grc'><strong>04</strong></span> <span class='ocrx_word' id='word_1_399' title='bbox 1180 3599 1283 3662; x_wconf 82' lang='lat' dir='ltr'><strong>ordene</strong></span> <span class='ocrx_word' id='word_1_400' title='bbox 1304 3607 1560 3668; x_wconf 84' lang='lat' dir='ltr'><strong>constructionum</strong></span> <span class='ocrx_word' id='word_1_401' title='bbox 1581 3613 1609 3670; x_wconf 87' lang='lat' dir='ltr'><strong>et</strong></span> 
     </span>
     <span class='ocr_line' id='line_1_39' title="bbox 107 3689 1608 3777; baseline 0.007 -25"><span class='ocrx_word' id='word_1_402' title='bbox 107 3689 177 3752; x_wconf 79' lang='grc'><strong>3344.</strong></span> <span class='ocrx_word' id='word_1_403' title='bbox 215 3697 273 3752; x_wconf 88' lang='grc'><strong>444.</strong></span> <span class='ocrx_word' id='word_1_404' title='bbox 307 3691 393 3754; x_wconf 82' lang='lat' dir='ltr'><strong>Alius</strong></span> <span class='ocrx_word' id='word_1_405' title='bbox 425 3691 599 3756; x_wconf 79' lang='lat' dir='ltr'><strong>JOANNES</strong></span> <span class='ocrx_word' id='word_1_406' title='bbox 619 3694 771 3777; x_wconf 77' lang='lat' dir='ltr'><strong>stafford,</strong></span> <span class='ocrx_word' id='word_1_407' title='bbox 791 3715 827 3759; x_wconf 82' lang='lat' dir='ltr'><strong>nx</strong></span> <span class='ocrx_word' id='word_1_408' title='bbox 887 3689 1032 3771; x_wconf 80' lang='grc'><strong>44494444</strong></span> <span class='ocrx_word' id='word_1_409' title='bbox 1057 3691 1283 3774; x_wconf 83' lang='grc'><strong>844444494444.</strong></span> <span class='ocrx_word' id='word_1_410' title='bbox 1306 3697 1381 3758; x_wconf 87' lang='grc'><strong>4444</strong></span> <span class='ocrx_word' id='word_1_411' title='bbox 1406 3701 1530 3763; x_wconf 79' lang='lat' dir='ltr'><strong>balaum</strong></span> <span class='ocrx_word' id='word_1_412' title='bbox 1556 3702 1608 3762; x_wconf 86' lang='lat' dir='ltr'><strong>xl.</strong></span> 
     </span>
     <span class='ocr_line' id='line_1_40' title="bbox 108 3783 1315 3868; baseline 0.007 -26"><span class='ocrx_word' id='word_1_413' title='bbox 108 3783 256 3845; x_wconf 82' lang='lat' dir='ltr'><strong>wellensi</strong></span> <span class='ocrx_word' id='word_1_414' title='bbox 288 3785 435 3864; x_wconf 87' lang='lat' dir='ltr'><strong>Episcopo</strong></span> <span class='ocrx_word' id='word_1_415' title='bbox 465 3787 718 3868; x_wconf 80' lang='lat' dir='ltr'><strong>Archiepisccpus</strong></span> <span class='ocrx_word' id='word_1_416' title='bbox 750 3792 829 3852; x_wconf 89' lang='grc'><strong>0444-</strong></span> <span class='ocrx_word' id='word_1_417' title='bbox 884 3785 934 3844; x_wconf 78' lang='grc'><strong>88.</strong></span> <span class='ocrx_word' id='word_1_418' title='bbox 954 3792 985 3846; x_wconf 80' lang='lat' dir='ltr'><strong>cl</strong></span> <span class='ocrx_word' id='word_1_419' title='bbox 1003 3787 1136 3848; x_wconf 82' lang='lat' dir='ltr'><strong>Pitacum</strong></span> <span class='ocrx_word' id='word_1_420' title='bbox 1158 3805 1224 3868; x_wconf 88' lang='lat' dir='ltr'><strong>pag.</strong></span> <span class='ocrx_word' id='word_1_421' title='bbox 1245 3792 1315 3850; x_wconf 84' lang='grc'><strong>083.</strong></span> 
     </span>
     <span class='ocr_line' id='line_1_41' title="bbox 105 3875 1607 3954; baseline 0.011 -22"><span class='ocrx_word' id='word_1_422' title='bbox 105 3879 273 3946; x_wconf 69' lang='lat' dir='ltr'><strong>cauriensis</strong></span> <span class='ocrx_word' id='word_1_423' title='bbox 301 3877 338 3938; x_wconf 91' lang='lat' dir='ltr'><strong>ab</strong></span> <span class='ocrx_word' id='word_1_424' title='bbox 374 3879 430 3938; x_wconf 82' lang='grc'><strong>444,</strong></span> <span class='ocrx_word' id='word_1_425' title='bbox 455 3879 544 3939; x_wconf 87' lang='grc'><strong>4443.</strong></span> <span class='ocrx_word' id='word_1_426' title='bbox 572 3875 609 3939; x_wconf 85' lang='lat' dir='ltr'><strong>ad</strong></span> <span class='ocrx_word' id='word_1_427' title='bbox 642 3882 731 3944; x_wconf 79' lang='lat' dir='ltr'><strong>tl52.</strong></span> <span class='ocrx_word' id='word_1_428' title='bbox 753 3884 827 3944; x_wconf 73' lang='lat' dir='ltr'><strong>tilde</strong></span> <span class='ocrx_word' id='word_1_429' title='bbox 924 3878 1095 3941; x_wconf 77' lang='grc'><strong>4044444448</strong></span> <span class='ocrx_word' id='word_1_430' title='bbox 1108 3881 1395 3954; x_wconf 83' lang='grc'><strong>84444444,84444444</strong></span> <span class='ocrx_word' id='word_1_431' title='bbox 1408 3888 1473 3946; x_wconf 87' lang='lat' dir='ltr'><strong>sive</strong></span> <span class='ocrx_word' id='word_1_432' title='bbox 1488 3885 1607 3948; x_wconf 84' lang='grc'><strong>8444144·</strong></span> 
     </span>
     <span class='ocr_line' id='line_1_42' title="bbox 105 3969 1676 4055; baseline 0.01 -25"><span class='ocrx_word' id='word_1_433' title='bbox 105 3969 267 4032; x_wconf 81' lang='lat' dir='ltr'><strong>Warthcui</strong></span> <span class='ocrx_word' id='word_1_434' title='bbox 290 3971 429 4052; x_wconf 70' lang='lat' dir='ltr'><strong>angliam</strong></span> <span class='ocrx_word' id='word_1_435' title='bbox 453 3980 650 4033; x_wconf 89' lang='lat' dir='ltr'><strong>sacramtom</strong></span> <span class='ocrx_word' id='word_1_436' title='bbox 681 3977 827 4055; x_wconf 73' lang='grc'><strong>444443.</strong></span> <span class='ocrx_word' id='word_1_437' title='bbox 882 3970 948 4032; x_wconf 85' lang='lat' dir='ltr'><strong>sins</strong></span> <span class='ocrx_word' id='word_1_438' title='bbox 969 3969 1492 4049; x_wconf 70' lang='lat' dir='ltr'><strong>anglusllomiaicanuaoircaan.</strong></span> <span class='ocrx_word' id='word_1_439' title='bbox 1518 3979 1606 4041; x_wconf 89' lang='grc'><strong>4374.</strong></span> <span class='ocrx_word' id='word_1_440' title='bbox 1672 4031 1676 4046; x_wconf 90' lang='grc'><strong>.</strong></span> 
     </span>
     <span class='ocr_line' id='line_1_43' title="bbox 146 4059 1606 4150; baseline 0.01 -30"><span class='ocrx_word' id='word_1_441' title='bbox 146 4063 319 4126; x_wconf 74' lang='grc'><strong>4044444448</strong></span> <span class='ocrx_word' id='word_1_442' title='bbox 340 4059 521 4126; x_wconf 86' lang='grc'><strong>8444444444</strong></span> <span class='ocrx_word' id='word_1_443' title='bbox 542 4071 573 4126; x_wconf 87' lang='grc'><strong>44</strong></span> <span class='ocrx_word' id='word_1_444' title='bbox 605 4065 827 4147; x_wconf 83' lang='lat' dir='ltr'><strong>Stambripinr,</strong></span> <span class='ocrx_word' id='word_1_445' title='bbox 883 4069 986 4124; x_wconf 88' lang='lat' dir='ltr'><strong>contra</strong></span> <span class='ocrx_word' id='word_1_446' title='bbox 1004 4079 1096 4142; x_wconf 90' lang='lat' dir='ltr'><strong>quem</strong></span> <span class='ocrx_word' id='word_1_447' title='bbox 1114 4069 1237 4144; x_wconf 88' lang='lat' dir='ltr'><strong>scripsit</strong></span> <span class='ocrx_word' id='word_1_448' title='bbox 1263 4067 1393 4130; x_wconf 80' lang='lat' dir='ltr'><strong>loannes</strong></span> <span class='ocrx_word' id='word_1_449' title='bbox 1411 4069 1551 4150; x_wconf 85' lang='grc'><strong>44444449</strong></span> <span class='ocrx_word' id='word_1_450' title='bbox 1567 4071 1606 4134; x_wconf 88' lang='grc'><strong>44</strong></span> 
     </span>
     <span class='ocr_line' id='line_1_44' title="bbox 106 4155 1608 4238; baseline 0.006 -21"><span class='ocrx_word' id='word_1_451' title='bbox 106 4159 184 4219; x_wconf 89' lang='lat' dir='ltr'><strong>inira</strong></span> <span class='ocrx_word' id='word_1_452' title='bbox 205 4157 251 4216; x_wconf 84' lang='grc'><strong>44.</strong></span> <span class='ocrx_word' id='word_1_453' title='bbox 272 4155 481 4238; x_wconf 83' lang='grc' dir='ltr'><strong>8444οὸ44944.</strong></span> <span class='ocrx_word' id='word_1_454' title='bbox 883 4173 943 4236; x_wconf 83' lang='lat' dir='ltr'><strong>quo</strong></span> <span class='ocrx_word' id='word_1_455' title='bbox 964 4170 1055 4234; x_wconf 87' lang='lat' dir='ltr'><strong>supra</strong></span> <span class='ocrx_word' id='word_1_456' title='bbox 1079 4171 1144 4234; x_wconf 85' lang='lat' dir='ltr'><strong>pag.</strong></span> <span class='ocrx_word' id='word_1_457' title='bbox 1167 4157 1236 4219; x_wconf 74' lang='lat' dir='ltr'><strong>ala.</strong></span> <span class='ocrx_word' id='word_1_458' title='bbox 1257 4160 1358 4238; x_wconf 88' lang='lat' dir='ltr'><strong>ipsius</strong></span> <span class='ocrx_word' id='word_1_459' title='bbox 1384 4162 1608 4228; x_wconf 87' lang='lat' dir='ltr'><strong>lucubrationes</strong></span> 
     </span>
     <span class='ocr_line' id='line_1_45' title="bbox 147 4249 1607 4335; baseline 0.005 -23"><span class='ocrx_word' id='word_1_460' title='bbox 147 4249 321 4314; x_wconf 79' lang='grc'><strong>4044444448</strong></span> <span class='ocrx_word' id='word_1_461' title='bbox 338 4251 432 4313; x_wconf 86' lang='lat' dir='ltr'><strong>Stella</strong></span> <span class='ocrx_word' id='word_1_462' title='bbox 445 4254 588 4316; x_wconf 84' lang='lat' dir='ltr'><strong>sacerdus</strong></span> <span class='ocrx_word' id='word_1_463' title='bbox 606 4257 739 4318; x_wconf 84' lang='lat' dir='ltr'><strong>Venetus</strong></span> <span class='ocrx_word' id='word_1_464' title='bbox 755 4257 829 4317; x_wconf 90' lang='lat' dir='ltr'><strong>scrl-</strong></span> <span class='ocrx_word' id='word_1_465' title='bbox 883 4259 956 4313; x_wconf 85' lang='lat' dir='ltr'><strong>suut</strong></span> <span class='ocrx_word' id='word_1_466' title='bbox 969 4249 1254 4315; x_wconf 80' lang='lat' dir='ltr'><strong>determinationum</strong></span> <span class='ocrx_word' id='word_1_467' title='bbox 1271 4251 1410 4315; x_wconf 85' lang='lat' dir='ltr'><strong>Velamen</strong></span> <span class='ocrx_word' id='word_1_468' title='bbox 1421 4271 1474 4335; x_wconf 92' lang='lat' dir='ltr'><strong>pro</strong></span> <span class='ocrx_word' id='word_1_469' title='bbox 1485 4255 1607 4321; x_wconf 83' lang='lat' dir='ltr'><strong>Ordinis</strong></span> 
     </span>
     <span class='ocr_line' id='line_1_46' title="bbox 105 4342 1607 4429; baseline 0.005 -22"><span class='ocrx_word' id='word_1_470' title='bbox 105 4347 167 4425; x_wconf 90' lang='lat' dir='ltr'><strong>psit</strong></span> <span class='ocrx_word' id='word_1_471' title='bbox 190 4342 301 4406; x_wconf 85' lang='lat' dir='ltr'><strong>libram</strong></span> <span class='ocrx_word' id='word_1_472' title='bbox 318 4343 514 4425; x_wconf 82' lang='grc'><strong>4494444444</strong></span> <span class='ocrx_word' id='word_1_473' title='bbox 535 4349 572 4410; x_wconf 88' lang='grc'><strong>44</strong></span> <span class='ocrx_word' id='word_1_474' title='bbox 595 4347 828 4429; x_wconf 88' lang='lat' dir='ltr'><strong>imperatoribus</strong></span> <span class='ocrx_word' id='word_1_475' title='bbox 883 4345 1125 4406; x_wconf 87' lang='lat' dir='ltr'><strong>Praedicatorum</strong></span> <span class='ocrx_word' id='word_1_476' title='bbox 1146 4345 1295 4426; x_wconf 81' lang='lat' dir='ltr'><strong>dignitate</strong></span> <span class='ocrx_word' id='word_1_477' title='bbox 1316 4349 1466 4412; x_wconf 88' lang='lat' dir='ltr'><strong>adversas</strong></span> <span class='ocrx_word' id='word_1_478' title='bbox 1486 4351 1607 4414; x_wconf 85' lang='lat' dir='ltr'><strong>Fratres</strong></span> 
     </span>
     <span class='ocr_line' id='line_1_47' title="bbox 104 4437 1607 4519; baseline 0.005 -19"><span class='ocrx_word' id='word_1_479' title='bbox 104 4439 249 4500; x_wconf 79' lang='lat' dir='ltr'><strong>Romanis</strong></span> <span class='ocrx_word' id='word_1_480' title='bbox 260 4453 359 4516; x_wconf 84' lang='lat' dir='ltr'><strong>usque</strong></span> <span class='ocrx_word' id='word_1_481' title='bbox 373 4437 411 4500; x_wconf 89' lang='lat' dir='ltr'><strong>ad</strong></span> <span class='ocrx_word' id='word_1_482' title='bbox 425 4437 660 4504; x_wconf 85' lang='lat' dir='ltr'><strong>hierimilianum</strong></span> <span class='ocrx_word' id='word_1_483' title='bbox 681 4445 701 4505; x_wconf 96' lang='lat' dir='ltr'><strong>l</strong></span> <span class='ocrx_word' id='word_1_484' title='bbox 720 4443 825 4504; x_wconf 81' lang='grc'><strong>444444.</strong></span> <span class='ocrx_word' id='word_1_485' title='bbox 882 4438 1081 4500; x_wconf 79' lang='lat' dir='ltr'><strong>carmelitae:</strong></span> <span class='ocrx_word' id='word_1_486' title='bbox 1108 4445 1138 4500; x_wconf 87' lang='lat' dir='ltr'><strong>et</strong></span> <span class='ocrx_word' id='word_1_487' title='bbox 1164 4440 1379 4519; x_wconf 81' lang='lat' dir='ltr'><strong>lisspcnar&#39;oner</strong></span> <span class='ocrx_word' id='word_1_488' title='bbox 1405 4441 1447 4502; x_wconf 90' lang='lat' dir='ltr'><strong>ad</strong></span> <span class='ocrx_word' id='word_1_489' title='bbox 1472 4444 1607 4508; x_wconf 75' lang='lat' dir='ltr'><strong>rabones</strong></span> 
     </span>
     <span class='ocr_line' id='line_1_48' title="bbox 106 4529 1603 4614; baseline 0.007 -20"><span class='ocrx_word' id='word_1_490' title='bbox 106 4531 196 4594; x_wconf 84' lang='grc'><strong>4303.</strong></span> <span class='ocrx_word' id='word_1_491' title='bbox 218 4529 308 4592; x_wconf 87' lang='lat' dir='ltr'><strong>etde</strong></span> <span class='ocrx_word' id='word_1_492' title='bbox 332 4531 397 4594; x_wconf 80' lang='lat' dir='ltr'><strong>Vita</strong></span> <span class='ocrx_word' id='word_1_493' title='bbox 428 4551 464 4593; x_wconf 91' lang='lat' dir='ltr'><strong>ac</strong></span> <span class='ocrx_word' id='word_1_494' title='bbox 498 4533 631 4597; x_wconf 84' lang='lat' dir='ltr'><strong>moribus</strong></span> <span class='ocrx_word' id='word_1_495' title='bbox 653 4535 827 4598; x_wconf 83' lang='lat' dir='ltr'><strong>Panls&#39;donm</strong></span> <span class='ocrx_word' id='word_1_496' title='bbox 881 4533 915 4591; x_wconf 77' lang='lat' dir='ltr'><strong>F.</strong></span> <span class='ocrx_word' id='word_1_497' title='bbox 933 4531 1057 4592; x_wconf 80' lang='grc'><strong>4444444</strong></span> <span class='ocrx_word' id='word_1_498' title='bbox 1074 4529 1220 4594; x_wconf 84' lang='grc'><strong>4444444444</strong></span> <span class='ocrx_word' id='word_1_499' title='bbox 1236 4550 1292 4595; x_wconf 88' lang='lat' dir='ltr'><strong>seu</strong></span> <span class='ocrx_word' id='word_1_500' title='bbox 1315 4535 1461 4614; x_wconf 86' lang='lat' dir='ltr'><strong>Cornuti,</strong></span> <span class='ocrx_word' id='word_1_501' title='bbox 1478 4539 1603 4604; x_wconf 85' lang='lat' dir='ltr'><strong>Carme·</strong></span> 
     </span>
     <span class='ocr_line' id='line_1_49' title="bbox 105 4626 1606 4711; baseline 0.003 -23"><span class='ocrx_word' id='word_1_502' title='bbox 105 4628 310 4688; x_wconf 80' lang='lat' dir='ltr'><strong>annonarum</strong></span> <span class='ocrx_word' id='word_1_503' title='bbox 330 4637 429 4705; x_wconf 82' lang='lat' dir='ltr'><strong>nsque</strong></span> <span class='ocrx_word' id='word_1_504' title='bbox 449 4628 487 4690; x_wconf 86' lang='grc'><strong>44</strong></span> <span class='ocrx_word' id='word_1_505' title='bbox 509 4639 622 4691; x_wconf 84' lang='lat' dir='ltr'><strong>annum</strong></span> <span class='ocrx_word' id='word_1_506' title='bbox 642 4631 730 4691; x_wconf 83' lang='grc'><strong>4503.</strong></span> <span class='ocrx_word' id='word_1_507' title='bbox 748 4631 827 4696; x_wconf 69' lang='lat' dir='ltr'><strong>dice.</strong></span> <span class='ocrx_word' id='word_1_508' title='bbox 881 4626 951 4686; x_wconf 91' lang='lat' dir='ltr'><strong>litae</strong></span> <span class='ocrx_word' id='word_1_509' title='bbox 971 4626 1195 4689; x_wconf 85' lang='lat' dir='ltr'><strong>Videtacobum</strong></span> <span class='ocrx_word' id='word_1_510' title='bbox 1208 4628 1343 4701; x_wconf 87' lang='lat' dir='ltr'><strong>Qvetilt.</strong></span> <span class='ocrx_word' id='word_1_511' title='bbox 1358 4632 1384 4692; x_wconf 94' lang='grc'><strong>4.</strong></span> <span class='ocrx_word' id='word_1_512' title='bbox 1392 4649 1459 4711; x_wconf 87' lang='lat' dir='ltr'><strong>pag</strong></span> <span class='ocrx_word' id='word_1_513' title='bbox 1471 4631 1539 4694; x_wconf 89' lang='grc'><strong>674.</strong></span> <span class='ocrx_word' id='word_1_514' title='bbox 1546 4637 1606 4698; x_wconf 85' lang='grc'><strong>444-</strong></span> 
     </span>
     <span class='ocr_line' id='line_1_50' title="bbox 103 4717 1601 4802; baseline 0.008 -25"><span class='ocrx_word' id='word_1_515' title='bbox 103 4725 171 4779; x_wconf 89' lang='lat' dir='ltr'><strong>tum</strong></span> <span class='ocrx_word' id='word_1_516' title='bbox 195 4717 325 4778; x_wconf 77' lang='lat' dir='ltr'><strong>Antonio</strong></span> <span class='ocrx_word' id='word_1_517' title='bbox 352 4719 500 4794; x_wconf 77' lang='lat' dir='ltr'><strong>suriano,</strong></span> <span class='ocrx_word' id='word_1_518' title='bbox 523 4721 712 4782; x_wconf 80' lang='lat' dir='ltr'><strong>Patriarchae</strong></span> <span class='ocrx_word' id='word_1_519' title='bbox 733 4723 826 4802; x_wconf 74' lang='lat' dir='ltr'><strong>iqui-</strong></span> <span class='ocrx_word' id='word_1_520' title='bbox 882 4722 969 4780; x_wconf 88' lang='lat' dir='ltr'><strong>minit</strong></span> <span class='ocrx_word' id='word_1_521' title='bbox 986 4727 1017 4781; x_wconf 88' lang='lat' dir='ltr'><strong>et</strong></span> <span class='ocrx_word' id='word_1_522' title='bbox 1032 4721 1261 4802; x_wconf 78' lang='lat' dir='ltr'><strong>lelanduscap</strong></span> <span class='ocrx_word' id='word_1_523' title='bbox 1277 4724 1346 4786; x_wconf 79' lang='grc'><strong>377</strong></span> <span class='ocrx_word' id='word_1_524' title='bbox 1362 4726 1601 4790; x_wconf 74' lang='lat' dir='ltr'><strong>balaustiis.</strong></span> 
     </span>
     <span class='ocr_line' id='line_1_51' title="bbox 105 4810 1602 4899; baseline 0.007 -29"><span class='ocrx_word' id='word_1_525' title='bbox 105 4810 215 4870; x_wconf 80' lang='lat' dir='ltr'><strong>leiensi</strong></span> <span class='ocrx_word' id='word_1_526' title='bbox 237 4815 268 4870; x_wconf 87' lang='grc'><strong>44</strong></span> <span class='ocrx_word' id='word_1_527' title='bbox 289 4811 372 4872; x_wconf 79' lang='lat' dir='ltr'><strong>bom.</strong></span> <span class='ocrx_word' id='word_1_528' title='bbox 395 4811 548 4876; x_wconf 73' lang='lat' dir='ltr'><strong>Ecclesiae</strong></span> <span class='ocrx_word' id='word_1_529' title='bbox 570 4816 600 4878; x_wconf 87' lang='grc'><strong>8</strong></span> <span class='ocrx_word' id='word_1_530' title='bbox 620 4819 708 4879; x_wconf 83' lang='grc'><strong>444444</strong></span> <span class='ocrx_word' id='word_1_531' title='bbox 740 4817 827 4880; x_wconf 79' lang='lat' dir='ltr'><strong>Pres</strong></span> <span class='ocrx_word' id='word_1_532' title='bbox 920 4814 1289 4880; x_wconf 79' lang='lat' dir='ltr'><strong>tosllbttssnnassne</strong></span> <span class='ocrx_word' id='word_1_533' title='bbox 1304 4821 1450 4882; x_wconf 88' lang='lat' dir='ltr'><strong>Stonaens</strong></span> <span class='ocrx_word' id='word_1_534' title='bbox 1464 4820 1531 4881; x_wconf 77' lang='lat' dir='ltr'><strong>Aa</strong></span> <span class='ocrx_word' id='word_1_535' title='bbox 1513 4823 1602 4899; x_wconf 80' lang='lat' dir='ltr'><strong>g,lus</strong></span> 
     </span>
    </p>
   </div>
   <div class='ocr_carea' id='block_1_6' title="bbox 0 0 1816 5600">
    <p class='ocr_par' dir='ltr' id='par_1_7' title="bbox 0 0 1816 5600">
     <span class='ocr_line' id='line_1_52' title="bbox 0 0 1816 5600; baseline 0 0"><span class='ocrx_word' id='word_1_536' title='bbox 0 0 1816 5600; x_wconf 95' lang='lat' dir='ltr'><strong> </strong></span> 
     </span>
    </p>
   </div>
  </div>
 </body>
</html>
