3624 5600
728 65 781 128 ill
796 66 821 126 l.
836 65 849 126 l
863 68 889 127 4
908 65 933 126 H
949 65 973 126 U
988 65 1008 128 S
1555 63 1615 126 477

119 171 263 236 dcimam
276 167 461 252 coenoman
471 171 626 234 Pmnerirn
637 171 756 234 notione
767 171 838 236 604-
892 173 1009 238 llihLll
1039 173 1176 252 Epistola
1209 186 1269 253 qua
1299 172 1419 232 labano
1439 187 1495 248 pro
1524 182 1615 248 opere
1703 183 1705 188 ·

119 266 168 330 404
184 267 356 347 composuit
376 267 591 330 commentitia
617 266 695 328 haec
709 283 780 328 esse
806 273 838 328 et
892 267 949 328 boc
969 268 1081 347 gratias
1102 268 1180 345 agit.
1201 271 1232 328 et
1253 264 1346 326 altera
1364 263 1401 326 44
1420 262 1615 324 Zuutlredmu
1682 298 1688 308 ·

119 378 159 422 04
168 361 260 422 40404
272 361 397 422 lornarii
412 360 576 439 superioris
586 367 619 424 et
630 358 742 439 dequo
754 377 838 422 mon-
892 363 958 422 sive
989 359 1202 435 8444404444,
1230 359 1414 438 Episcopum
1445 356 1617 423 Narbonem

119 451 258 516 dicturus
272 469 342 516 suan
358 454 470 516 iuliani
486 453 620 514 Toletani
636 453 770 528 4004044,
787 454 839 516 44-
875 470 979 538 sem,
999 469 1059 531 qaia
1080 453 1119 516 ad
1141 467 1214 514 eum
1234 451 1309 514 4444
1330 451 1522 530 Prognostica
1537 450 1617 512 able

95 562 98 570 ·
120 551 269 608 monstrat
286 544 350 608 Nic.
368 548 519 608 44404444
536 549 593 608 44
623 547 697 610 bibl.
726 549 838 610 vetoris
892 553 966 626 gat,
986 547 1096 626 legitur
1117 549 1147 608 in
1168 543 1305 606 44444044
1328 544 1576 632 spicilegiotom.
1600 546 1625 605 4

118 641 268 718 Hispanae
283 640 335 700 lib.
352 639 400 702 lV.
416 657 482 718 cap.
500 642 528 702 4.
543 657 615 718 pag..
629 639 698 700 999.
893 657 922 718 p.
939 642 1010 702 349.
1024 641 1093 702 846.
1106 639 1187 717 (edit.
1200 649 1297 700 00444
1319 644 1339 698 4.
1363 639 1384 698 8
1403 656 1432 718 p.
1452 637 1520 700 346.
1538 637 1571 700 84
1579 636 1617 714 7.)

152 732 345 816 Ι4444444444
366 735 555 812 Hispanum,
581 732 761 816 Christianis
789 749 840 814 pu-
894 728 1101 815 ltesrsnplvm
1133 735 1200 794 sire
1231 731 1270 795 44
1299 729 1527 792 emnerin'in
1553 745 1618 809 spe-

118 827 274 900 rantibus,
290 824 343 888 sed
359 843 396 886 ex
415 825 539 887 traduce
553 825 735 888 iudaeorum
749 827 775 901 4)
789 843 840 904 ga·
867 881 870 890 ,
893 826 968 890 ciem
981 825 1054 890 ioris
1062 824 1177 889 Veteris
1187 830 1217 886 et
1226 823 1305 888 Noni
1318 823 1503 897 Testamenti,
1520 823 1617 894 Quae·

116 921 237 996 uitam,
255 918 447 998 postmodum
460 920 646 998 Episcopatu
662 917 836 982 decoratum
893 925 1025 986 stlocum
1041 922 1107 982 iibri
1124 923 1176 982 lll.
1197 935 1255 983 non
1278 918 1392 997 indigni
1408 919 1508 994 lectu,
1525 926 1617 996 atque

117 1011 273 1090 Toletano,
294 1012 385 1074 tradit
405 1012 570 1074 Hoderious
594 1012 759 1074 Toletnnus
786 1013 838 1074 lib.
892 1013 964 1076 editi
985 1017 1116 1094 primum
1135 1016 1201 1076 sine
1222 1013 1342 1074 nomine
1357 1012 1618 1085 auctorisantes-

115 1109 143 1170 4.
164 1124 230 1186 cap.
254 1107 302 1168 43.
319 1107 405 1168 Hunc
422 1123 542 1187 quoque
558 1105 612 1167 sed
628 1123 682 1185 per
699 1123 837 1188 errorem
892 1115 923 1170 te
944 1109 984 1168 lo.
1007 1108 1094 1170 4404.
1115 1108 1293 1168 Brassioano
1314 1104 1351 1166 ad
1368 1105 1487 1166 calcem
1500 1105 1617 1168 Salvia·
1723 1147 1726 1158 .

114 1201 238 1262 nomine
258 1198 391 1277 90444044
405 1199 487 1278 apud
507 1198 685 1262 hodericum
703 1199 837 1278 abusque
892 1202 923 1262 ni
943 1201 1032 1262 9044.
1055 1201 1144 1262 4546.
1163 1199 1204 1260 404
1219 1206 1250 1258 44
1266 1214 1338 1260 oum
1355 1198 1483 1258 Honorio
1499 1199 1529 1256 in
1547 1200 1618 1258 Pro

113 1294 238 1368 venire,
260 1300 292 1354 et
306 1310 376 1356 oum
391 1283 489 1372 priore
504 1292 647 1356 conlundi
665 1293 769 1370 44400,
785 1295 836 1372 qui
891 1293 995 1356 404444
1016 1301 1048 1354 et
1069 1293 1274 1360 Ecclesiasteo
1305 1291 1344 1352 ab
1375 1293 1465 1352 Henr.
1494 1290 1617 1354 Saehsio

111 1387 283 1470 Eugenium
312 1387 490 1457 Antistitem
512 1387 691 1448 Toletanum
714 1403 836 1468 praeos-
892 1388 993 1450 colon.
1013 1386 1103 1450 4589.
1118 1388 1148 1448 8.
1167 1386 1361 1448 tolonnis.
1384 1386 1471 1448 4546.
1488 1383 1616 1446 444404

112 1488 230 1560 piorem
248 1496 339 1564 suum
353 1479 459 1544 laudat
479 1481 528 1542 Hl·
548 1479 596 1542 47.
614 1486 836 1560 prognosticon,
890 1483 928 1544 ab
947 1481 1067 1544 hadasa
1090 1479 1215 1542 schotto
1235 1497 1274 1540 04
1297 1479 1404 1542 Felicis
1426 1479 1565 1542 Toletani
1583 1485 1615 1540 et

113 1575 178 1654 ipse
203 1567 358 1634 Toletonne
392 1574 562 1636 cathedrae
586 1581 655 1653 post
680 1574 834 1648 Quirinum
889 1576 1046 1638 844440044
1068 1575 1194 1636 4444444
1215 1577 1240 1650 4)
1263 1573 1322 1634 444
1353 1574 1474 1636 tulinuo
1504 1573 1617 1636 adscri-

114 1668 152 1728 ab
173 1665 231 1728 44.
263 1668 333 1729 686.
353 1666 391 1728 44
413 1669 483 1732 696.
501 1669 692 1748 Episcopus,
711 1675 743 1730 et
763 1669 835 1732 Car·
888 1671 931 1748 pti
955 1672 982 1728 iu
1006 1668 1201 1730 bibliothecis
1221 1669 1343 1730 Petrum
1358 1667 1554 1742 6040444444,
1573 1668 1617 1726 in-

110 1758 242 1840 theginis
271 1762 446 1824 Provinciae
467 1765 497 1823 in
519 1765 659 1842 Hispania
688 1766 834 1842 Hetropo-
887 1762 925 1824 de
947 1764 1039 1824 Paris»
1060 1769 1091 1824 et
1113 1763 1278 1822 novissime
1300 1760 1392 1840 bugd.
1416 1766 1488 1822 tom.
1513 1761 1568 1822 Xll
1585 1777 1613 1839 p.

112 1852 235 1914 litauus.
256 1854 300 1914 De
320 1870 356 1916 so
377 1855 460 1916 Felix
482 1855 647 1918 Toletanus
666 1854 832 1935 appendice
887 1855 955 1918 644.
978 1856 1146 1935 praemisso
1163 1856 1384 1918 sententiarum
1407 1869 1542 1932 parguure
1563 1856 1610 1913 in-

114 1945 151 2008 ad
167 1945 315 2010 isidorum
329 1946 367 2008 de
385 1948 407 2009 S
432 1949 467 2010 E.
484 1955 516 2010 et
531 1951 562 2009 in
578 1948 708 2028 Apuirrii
724 1955 795 2010 tom.
814 1950 832 2012 3
887 1945 977 2010 ter'se
988 1950 1124 2010 visarum
1139 1947 1238 2016 iudice
1251 1948 1448 2027 alpHabetieo.
1471 1950 1612 2010 Fortasse
1743 2020 1745 2034 Ι

114 2039 225 2100 Concil.
241 2041 362 2120 Hispan.
373 2058 440 2121 pag.
458 2043 507 2104 84.
522 2049 553 2104 04
567 2046 646 2104 44404
663 2041 766 2103 lsidori
784 2045 833 2104 Hi·
886 2044 985 2104 verior
1002 2047 1054 2102 est
1074 2043 1226 2112 sententie
1241 2084 1251 2119 ,
1264 2055 1302 2102 ex
1320 2042 1612 2119 444444044404444,

112 2148 158 2210 sp.
187 2132 287 2212 Opera
312 2151 377 2213 pag.
396 2135 465 2197 set.
481 2141 573 2216 atque
604 2136 634 2196 in
652 2133 737 2198 hstis
758 2135 833 2198 San·
885 2137 964 2210 Petri
996 2137 1117 2198 6444044
1139 2143 1174 2196 et
1191 2137 1275 2198 4488.
1294 2134 1438 2196 Codicum
1453 2134 1536 2204 fids
1559 2151 1614 2198 an-

111 2234 186 2287 ctor.
208 2231 229 2286 t.
248 2228 425 2288 44144448
416 2245 507 2308 pag,
526 2225 595 2289 785.
623 2244 690 2307 seq.
717 2229 832 2292 Consu·
886 2236 999 2290 ctorem
1023 2228 1116 2289 trium
1131 2229 1159 2304 4)
1178 2229 1284 2290 horum
1301 2229 1445 2290 librorum
1461 2229 1613 2309 44044444

113 2318 223 2383 404444
243 2321 335 2381 etiam
355 2321 419 2382 Hie.
446 2321 598 2384 Antonius
624 2321 675 2382 lib.
702 2323 737 2383 V.
759 2322 834 2384 Bibl.
887 2339 961 2384 num
979 2340 1049 2385 0444
1071 2321 1336 2400 4444444464,
1357 2323 1507 2386 44444444
1527 2324 1613 2386 Casi-

75 2453 77 2458 ,
115 2418 178 2472 vet.
198 2413 320 2492 Hispan.
337 2413 478 2498 capital.
495 2414 611 2476 Hicest
629 2417 835 2494 quiCouciiiis
890 2435 1038 2495 mosem,
1059 2418 1098 2478 de
1118 2434 1179 2496 quo
1192 2433 1292 2496 supra
1312 2422 1384 2478 4044.
1408 2420 1420 2478 4
1448 2433 1514 2496 pog.
1544 2417 1614 2480 eat.

12 2575 16 2584 p
115 2489 266 2568 Toletanis
287 2509 353 2568 llll.
374 2509 455 2570 Xlll.
476 2509 554 2570 XlV.
570 2515 602 2568 et
614 2511 678 2572 XV
697 2511 837 2590 praefuit,
889 2505 1041 2574 lulianum
1064 2527 1137 2572 vero
1157 2517 1189 2572 et
1196 2514 1310 2589 ipsum
1332 2517 1363 2571 et
1386 2512 1487 2570 neseio
1507 2525 1545 2572 40
1563 2513 1615 2576 at

112 2605 253 2676 atquem
274 2599 377 2662 laudat
398 2601 571 2691 Stephanus
593 2603 640 2664 Vl.
662 2605 740 2682 Papa
763 2619 833 2664 cum
891 2603 1072 2668 CHAHDUH
1084 2605 1316 2672 cluniacensem
1331 2601 1530 2664 etiem-libror
1540 2602 1615 2666 dnos

112 2691 291 2752 Doctorihus
309 2693 471 2754 Catholicis
499 2696 659 2775 Hispanis,
682 2696 837 2772 Leandro,
892 2696 1155 2772 nuenarianam,
1178 2703 1212 2760 44
1228 2697 1311 2758 Felix
1325 2697 1491 2758 Toletanus
1511 2697 1614 2776 appel-

113 2783 494 2858 lsidoro,Braulione.Ex
512 2790 840 2870 scriptisep'usadnos
894 2791 960 2867 lat,
991 2791 1045 2853 sed
1080 2807 1158 2870 quae
1189 2790 1416 2865 interciderint,
1440 2791 1480 2852 de
1509 2790 1614 2853 004044

116 2891 303 2956 pervenere:
848 2913 850 2919 ·
895 2891 1075 2963 arpnurento
1107 2887 1323 2964 composuisse.
1345 2883 1419 2946 Vide
1449 2887 1499 2946 40.
1516 2885 1617 2963 bapti

157 2969 369 3052 Propnosticoa
383 2972 485 3055 futuri
499 2976 616 3040 soeculi
628 2978 665 3040 ad
685 2976 837 3055 idalium,
895 2985 974 3039 stam
996 2979 1112 3040 4444444
1133 2979 1172 3040 ad
1193 2980 1271 3040 Petri
1293 2981 1414 3040 4440044
1436 2995 1501 3058 esp.
1521 2980 1569 3040 49.
1586 2986 1618 3038 04

117 3066 184 3126 44νο
195 3065 231 3126 40
240 3067 445 3146 4440444444
456 3068 559 3150 futuri
572 3070 689 3134 soronii
702 3069 770 3134 libri
789 3075 838 3137 lll
896 3074 1032 3136 caveum
1054 3072 1093 3134 ad
1115 3072 1160 3134 hn
1192 3075 1261 3134 680.
1282 3080 1314 3134 et
1335 3073 1403 3136 847.
1431 3075 1494 3135 llic.
1525 3072 1619 3136 4440·

112 3158 239 3238 primns
263 3160 301 3221 44
334 3163 397 3220 orio
379 3163 447 3240 3440
470 3167 575 3224 mortis
593 3165 770 3238 humanae,
795 3183 842 3228 se·
899 3167 983 3230 444444
1005 3173 1078 3227 tom.
1102 3170 1114 3228 4
1142 3182 1210 3245 pag.
1232 3166 1353 3228 96844
1374 3169 1619 3245 quaeuotatrm

78 3251 83 3258 '
117 3249 234 3312 candus
248 3252 286 3312 ds
300 3254 458 3316 animabus
470 3255 681 3320 defunctorum
694 3277 843 3338 ,·quomo
899 3260 977 3321 libro
995 3260 1033 3320 de
1055 3261 1187 3322 Veritate
1188 3262 1299 3344 Holig
1317 3279 1347 3339 p.
1364 3261 1433 3322 866.
1455 3275 1519 3340 seq.

117 3343 157 3404 do
177 3359 211 3404 se
232 3344 363 3406 habeant
383 3355 454 3410 ante
472 3366 595 3412 suorum
617 3366 788 3432 corporum
798 3371 844 3414 re-
940 3353 1160 3416 Demonstrabo
1188 3357 1295 3416 4444440
1326 3355 1456 3432 oetotir,
1486 3357 1554 3421 sive
1583 3353 1620 3416 44

118 3441 358 3516 surrectionem,
375 3448 406 3501 04
427 3443 533 3504 meins
552 3443 591 3507 de
612 3461 753 3524 suprema
780 3465 845 3508 cor·
901 3423 1020 3510 Christi
1034 3447 1174 3524 44044444,
1185 3447 1480 3512 adversnsludaeos
1492 3450 1559 3512 44444
1569 3452 1621 3512 444.

117 3547 227 3610 porum
239 3535 468 3596 resurreetione
481 3539 697 3600 Praemissaad
710 3538 842 3604 1444044
896 3541 1106 3621 adErviginm
1118 3544 1230 3622 Regem
1246 3545 1402 3623 scriptih.
1414 3545 1448 3606 G.
1465 3545 1534 3606 686.
1551 3561 1620 3606 aere

118 3621 301 3704 Episcopum
316 3629 569 3692 barcinonensem
582 3633 716 3712 Epistola
729 3641 761 3696 04
770 3635 844 3700 044
899 3637 1061 3716 Hispaniae
1075 3635 1145 3698 784.
1163 3638 1189 3711 4)
1207 3635 1344 3715 aditique
1359 3653 1376 3698 a
1394 3638 1536 3700 Hsuardo
1551 3639 1622 3699 Hol-

114 3717 251 3781 tiouead
273 3721 387 3782 DEUH.
409 3723 510 3786 Edidit
530 3726 665 3790 loannes
687 3729 841 3791 60444404
900 3731 1009 3805 thero,
1023 3729 1158 3791 lleidslb.
1177 3731 1266 3794 4598
1292 3732 1453 3811 Hapsucae
1479 3732 1621 3810 apudlo.

118 3811 198 3890 Lips.
222 3813 310 3873 4534.
342 3815 371 3873 4.
404 3832 526 3878 4444404
548 3821 639 3881 Paris.
661 3828 692 3880 44
717 3830 843 3883 curante
898 3825 1053 3886 senorium
1086 3824 1173 3885 4598.
1203 3826 1234 3882 8.·
1258 3841 1330 3916 oum
1350 3831 1538 3890 testamento
1554 3828 1620 3887 Xll.

117 3905 220 3965 noerio
239 3906 372 3983 Epunis,
395 3909 484 3970 Duaci
510 3912 643 3971 44648.
666 3913 746 3975 4444
771 3915 843 3974 illati
898 3916 1097 3980 Hatriarcher.
1111 3925 1204 3994 atque
1221 3917 1316 3978 4440
1310 3935 1340 3978 44
1357 3918 1620 3997 Hroropresbyttoo

118 3997 311 4058 Bibliotheeis
332 3998 455 4060 Petrum
477 3999 569 4063 Paris.
593 4003 680 4066 4575.
697 4012 717 4064 4.
737 4005 789 4067 444.
806 4008 839 4068 Α.
897 4011 986 4074 Basil.
1007 4013 1095 4072 4556.
1110 4027 1177 4090 pag.
1195 4012 1265 4070 547.
1276 4013 1416 4088 atquem
1431 4012 1620 4074 044404040-

119 4089 426 4154 insistentium.
449 4101 522 4156 torn
545 4098 586 4157 lx
609 4104 640 4156 et
666 4099 839 4160 Colonieun

116 4193 189 4244 lom.
211 4185 273 4245 Vll
304 4192 336 4244 84
368 4188 460 4266 bugd.
492 4197 564 4250 tom.
598 4194 653 4254 ΧΗ
676 4205 743 4272 pag.
771 4193 838 4254 090.
935 4222 1183 4284 ,μιωιιὴιηῃω
1198 4224 1301 4275 pomi
1322 4223 1577 4290 4481443644.

839 4345 842 4352 ,
940 4297 967 4361 4)
984 4302 1012 4348 tn
1026 4299 1153 4363 prioribus
1165 4299 1321 4352 4444044444
1333 4308 1385 4353 tres
1398 4303 1457 4354 44444
1469 4311 1548 4366 suut,
1561 4313 1626 4364 414·

159 4372 185 4430 4)
204 4375 239 4421 lta
256 4371 288 4424 de
305 4371 406 4425 444440
421 4373 471 4428 404
488 4377 598 4428 isidorus
616 4381 756 4438 44040444,
776 4383 845 4432 Pau·
892 4389 948 4424 rum
966 4375 1093 4426 secundus
1110 4383 1136 4428 et
1153 4381 1244 4427 tertius
1260 4378 1314 4428 4044
1331 4380 1391 4428 non
1403 4385 1471 4430 test.
1482 4381 1618 4446 04044444

112 4447 320 4510 lurturpeusls,
339 4457 364 4499 et
383 4452 533 4504 4444444044
546 4454 769 4517 namoyprnel.
782 4467 844 4520 apo-
892 4451 1003 4502 Andreas
1020 4449 1154 4511 schottus,
1164 4459 1193 4502 44
1204 4451 1293 4502 Felicis
1305 4457 1451 4506 testimonio
1462 4466 1623 4524 congrueret,

119 4519 202 4584 logne
217 4535 262 4585 pro
277 4521 382 4576 iudaeis
397 4523 550 4579 christianis
571 4539 627 4591 rep.
644 4525 684 4580 44.
704 4541 761 4592 pag.
787 4527 843 4581 949
889 4527 1027 4576 secuudum
1043 4525 1103 4576 lectt
1119 4537 1149 4576 ex
1165 4525 1276 4577 secundo
1292 4533 1317 4577 et
1334 4533 1417 4580 tertio.

112 4593 249 4643 4444444.
270 4593 350 4646 44044
367 4596 430 4648 bibl.
447 4597 584 4651 Hebraeum
601 4601 663 4652 loru.
680 4599 773 4665 l..pt3
783 4599 840 4654 4.67
934 4599 962 4661 4)
979 4603 1031 4650 tlon
1051 4607 1161 4652 testatur
1177 4603 1337 4666 metortpse
1355 4605 1381 4654 tu
1399 4607 1468 4660 44444
1492 4609 1551 4660 libri
1580 4615 1625 4664 nt.

114 4665 167 4718 844
184 4673 279 4722 anton.
298 4676 358 4723 torn.
378 4671 463 4738 lpag.
481 4671 539 4726 5.itl
890 4675 1170 4730 40444814444044.
1187 4677 1267 4741 tuan
1279 4691 1341 4743 m
1350 4682 1416 4734 titt.
