<?xml version="1.0" encoding="UTF-8"?>
<!DOCTYPE html PUBLIC "-//W3C//DTD XHTML 1.0 Transitional//EN"
    "http://www.w3.org/TR/xhtml1/DTD/xhtml1-transitional.dtd">
<html xmlns="http://www.w3.org/1999/xhtml" xml:lang="en" lang="en">
 <head>
  <title>
</title>
<meta http-equiv="Content-Type" content="text/html;charset=utf-8" />
  <meta name='ocr-system' content='tesseract 3.04.00' />
  <meta name='ocr-capabilities' content='ocr_page ocr_carea ocr_par ocr_line ocrx_word'/>
</head>
<body>
  <div class='ocr_page' id='page_1' title='image "./bibliothecalati00schgoog/bibliothecalati00schgoog_0365.png"; bbox 0 0 3596 5610; ppageno 0'>
   <div class='ocr_carea' id='block_1_1' title="bbox 253 127 1127 194">
    <p class='ocr_par' dir='ltr' id='par_1_1' title="bbox 253 127 1127 194">
     <span class='ocr_line' id='line_1_1' title="bbox 253 127 1127 194; baseline -0.007 0"><span class='ocrx_word' id='word_1_1' title='bbox 253 131 314 194; x_wconf 81' lang='grc'><strong>570</strong></span> <span class='ocrx_word' id='word_1_2' title='bbox 870 127 1127 190; x_wconf 75' lang='lat' dir='ltr'><strong>JOENNES</strong></span> 
     </span>
    </p>
   </div>
   <div class='ocr_carea' id='block_1_2' title="bbox 246 233 1786 880">
    <p class='ocr_par' dir='ltr' id='par_1_2' title="bbox 248 233 1786 682">
     <span class='ocr_line' id='line_1_2' title="bbox 251 233 1711 320; baseline 0.005 -18"><span class='ocrx_word' id='word_1_3' title='bbox 251 239 401 302; x_wconf 76' lang='grc'><strong>4444444444</strong></span> <span class='ocrx_word' id='word_1_4' title='bbox 420 253 507 302; x_wconf 88' lang='lat' dir='ltr'><strong>suam</strong></span> <span class='ocrx_word' id='word_1_5' title='bbox 524 236 559 298; x_wconf 86' lang='lat' dir='ltr'><strong>t.</strong></span> <span class='ocrx_word' id='word_1_6' title='bbox 581 237 671 298; x_wconf 83' lang='grc'><strong>4488.</strong></span> <span class='ocrx_word' id='word_1_7' title='bbox 697 237 915 316; x_wconf 76' lang='lat' dir='ltr'><strong>Hierosolymis</strong></span> <span class='ocrx_word' id='word_1_8' title='bbox 936 240 965 298; x_wconf 93' lang='lat' dir='ltr'><strong>in</strong></span> <span class='ocrx_word' id='word_1_9' title='bbox 1022 236 1140 298; x_wconf 83' lang='grc'><strong>4444444444</strong></span> <span class='ocrx_word' id='word_1_10' title='bbox 1152 233 1302 316; x_wconf 75' lang='lat' dir='ltr'><strong>Gordians,</strong></span> <span class='ocrx_word' id='word_1_11' title='bbox 1314 255 1405 318; x_wconf 89' lang='lat' dir='ltr'><strong>quem</strong></span> <span class='ocrx_word' id='word_1_12' title='bbox 1421 245 1447 302; x_wconf 88' lang='lat' dir='ltr'><strong>si</strong></span> <span class='ocrx_word' id='word_1_13' title='bbox 1464 245 1635 320; x_wconf 88' lang='lat' dir='ltr'><strong>placotvide</strong></span> <span class='ocrx_word' id='word_1_14' title='bbox 1647 243 1711 312; x_wconf 86' lang='grc'><strong>44444.</strong></span> 
     </span>
     <span class='ocr_line' id='line_1_3' title="bbox 250 330 1714 417; baseline 0.005 -19"><span class='ocrx_word' id='word_1_15' title='bbox 250 333 400 404; x_wconf 75' lang='lat' dir='ltr'>Arabiam,</span> <span class='ocrx_word' id='word_1_16' title='bbox 421 331 521 398; x_wconf 86' lang='lat' dir='ltr'><strong>indias</strong></span> <span class='ocrx_word' id='word_1_17' title='bbox 543 337 635 409; x_wconf 83' lang='lat' dir='ltr'><strong>atque</strong></span> <span class='ocrx_word' id='word_1_18' title='bbox 656 331 842 412; x_wconf 84' lang='lat' dir='ltr'><strong>AEthlopiam</strong></span> <span class='ocrx_word' id='word_1_19' title='bbox 863 347 967 395; x_wconf 87' lang='lat' dir='ltr'><strong>snsce-</strong></span> <span class='ocrx_word' id='word_1_20' title='bbox 1023 331 1053 390; x_wconf 85' lang='grc'><strong>4.</strong></span> <span class='ocrx_word' id='word_1_21' title='bbox 1071 345 1136 410; x_wconf 86' lang='lat' dir='ltr'><strong>pag.</strong></span> <span class='ocrx_word' id='word_1_22' title='bbox 1155 330 1223 394; x_wconf 93' lang='grc'><strong>475.</strong></span> <span class='ocrx_word' id='word_1_23' title='bbox 1250 331 1427 396; x_wconf 71' lang='lat' dir='ltr'><strong>carnaea</strong></span> <span class='ocrx_word' id='word_1_24' title='bbox 1444 335 1714 417; x_wconf 60' lang='lat' dir='ltr'><strong>denominatim</strong></span> 
     </span>
     <span class='ocr_line' id='line_1_4' title="bbox 250 423 1713 508; baseline 0.009 -23"><span class='ocrx_word' id='word_1_25' title='bbox 250 435 332 508; x_wconf 72' lang='grc'><strong>44444</strong></span> <span class='ocrx_word' id='word_1_26' title='bbox 351 423 497 505; x_wconf 76' lang='lat' dir='ltr'><strong>singulari</strong></span> <span class='ocrx_word' id='word_1_27' title='bbox 522 423 597 485; x_wconf 93' lang='lat' dir='ltr'><strong>libro</strong></span> <span class='ocrx_word' id='word_1_28' title='bbox 613 423 784 504; x_wconf 74' lang='lat' dir='ltr'><strong>descripsit,</strong></span> <span class='ocrx_word' id='word_1_29' title='bbox 804 424 885 486; x_wconf 89' lang='lat' dir='ltr'><strong>edito</strong></span> <span class='ocrx_word' id='word_1_30' title='bbox 906 441 967 488; x_wconf 91' lang='lat' dir='ltr'><strong>una</strong></span> <span class='ocrx_word' id='word_1_31' title='bbox 1023 423 1200 491; x_wconf 80' lang='grc'><strong>4444444444</strong></span> <span class='ocrx_word' id='word_1_32' title='bbox 1217 432 1387 506; x_wconf 86' lang='lat' dir='ltr'><strong>temporum</strong></span> <span class='ocrx_word' id='word_1_33' title='bbox 1407 431 1526 494; x_wconf 89' lang='lat' dir='ltr'><strong>Ordinis</strong></span> <span class='ocrx_word' id='word_1_34' title='bbox 1557 435 1713 498; x_wconf 80' lang='grc'><strong>4444444444-</strong></span> 
     </span>
     <span class='ocr_line' id='line_1_5' title="bbox 248 511 1786 613; baseline 0.003 -31"><span class='ocrx_word' id='word_1_35' title='bbox 248 537 319 584; x_wconf 88' lang='lat' dir='ltr'><strong>cum</strong></span> <span class='ocrx_word' id='word_1_36' title='bbox 336 518 403 580; x_wconf 88' lang='lat' dir='ltr'><strong>aliis</strong></span> <span class='ocrx_word' id='word_1_37' title='bbox 422 533 500 597; x_wconf 88' lang='lat' dir='ltr'><strong>quae</strong></span> <span class='ocrx_word' id='word_1_38' title='bbox 514 516 609 578; x_wconf 88' lang='lat' dir='ltr'><strong>reiert</strong></span> <span class='ocrx_word' id='word_1_39' title='bbox 630 518 767 592; x_wconf 88' lang='lat' dir='ltr'><strong>Vossius,</strong></span> <span class='ocrx_word' id='word_1_40' title='bbox 781 521 874 580; x_wconf 87' lang='lat' dir='ltr'><strong>Paris.</strong></span> <span class='ocrx_word' id='word_1_41' title='bbox 885 511 967 598; x_wconf 87' lang='lat' dir='ltr'><strong>apud</strong></span> <span class='ocrx_word' id='word_1_42' title='bbox 1024 533 1091 577; x_wconf 86' lang='lat' dir='ltr'><strong>rum</strong></span> <span class='ocrx_word' id='word_1_43' title='bbox 1106 535 1145 578; x_wconf 80' lang='lat' dir='ltr'><strong>ex</strong></span> <span class='ocrx_word' id='word_1_44' title='bbox 1163 521 1256 580; x_wconf 85' lang='lat' dir='ltr'><strong>variis</strong></span> <span class='ocrx_word' id='word_1_45' title='bbox 1268 521 1450 586; x_wconf 86' lang='lat' dir='ltr'><strong>auctoribus.</strong></span> <span class='ocrx_word' id='word_1_46' title='bbox 1472 525 1614 605; x_wconf 63' lang='grc'><strong>4444444444</strong></span> <span class='ocrx_word' id='word_1_47' title='bbox 1637 543 1714 607; x_wconf 73' lang='lat' dir='ltr'><strong>qnos</strong></span> <span class='ocrx_word' id='word_1_48' title='bbox 1784 600 1786 613; x_wconf 37' lang='grc' dir='ltr'>Ι</span> 
     </span>
     <span class='ocr_line' id='line_1_6' title="bbox 249 606 1711 682; baseline 0.002 -5"><span class='ocrx_word' id='word_1_49' title='bbox 249 613 413 677; x_wconf 81' lang='lat' dir='ltr'><strong>liebertum</strong></span> <span class='ocrx_word' id='word_1_50' title='bbox 439 611 611 672; x_wconf 81' lang='lat' dir='ltr'><strong>Gonrmont</strong></span> <span class='ocrx_word' id='word_1_51' title='bbox 628 611 656 671; x_wconf 86' lang='lat' dir='ltr'><strong>t.</strong></span> <span class='ocrx_word' id='word_1_52' title='bbox 673 613 854 673; x_wconf 82' lang='lat' dir='ltr'><strong>baventriae</strong></span> <span class='ocrx_word' id='word_1_53' title='bbox 880 611 967 674; x_wconf 87' lang='grc'><strong>4544.</strong></span> <span class='ocrx_word' id='word_1_54' title='bbox 1022 608 1093 669; x_wconf 86' lang='lat' dir='ltr'><strong>dant</strong></span> <span class='ocrx_word' id='word_1_55' title='bbox 1108 606 1303 676; x_wconf 73' lang='grc'><strong>4444444444</strong></span> <span class='ocrx_word' id='word_1_56' title='bbox 1320 615 1441 677; x_wconf 85' lang='lat' dir='ltr'><strong>Petrum</strong></span> <span class='ocrx_word' id='word_1_57' title='bbox 1454 616 1571 678; x_wconf 84' lang='lat' dir='ltr'><strong>Ordinis</strong></span> <span class='ocrx_word' id='word_1_58' title='bbox 1586 619 1711 682; x_wconf 76' lang='lat' dir='ltr'><strong>carmeli-</strong></span> 
     </span>
    </p>

    <p class='ocr_par' dir='ltr' id='par_1_3' title="bbox 246 702 1715 880">
     <span class='ocr_line' id='line_1_7' title="bbox 251 702 1714 782; baseline 0.005 -16"><span class='ocrx_word' id='word_1_59' title='bbox 251 705 269 766; x_wconf 84' lang='lat' dir='ltr'><strong>t</strong></span> <span class='ocrx_word' id='word_1_60' title='bbox 295 711 326 764; x_wconf 88' lang='lat' dir='ltr'><strong>at</strong></span> <span class='ocrx_word' id='word_1_61' title='bbox 351 719 423 766; x_wconf 91' lang='lat' dir='ltr'><strong>cum</strong></span> <span class='ocrx_word' id='word_1_62' title='bbox 439 703 592 764; x_wconf 86' lang='lat' dir='ltr'><strong>Francisci</strong></span> <span class='ocrx_word' id='word_1_63' title='bbox 607 704 742 766; x_wconf 88' lang='lat' dir='ltr'><strong>llonachl</strong></span> <span class='ocrx_word' id='word_1_64' title='bbox 762 704 835 766; x_wconf 89' lang='lat' dir='ltr'><strong>Ord.</strong></span> <span class='ocrx_word' id='word_1_65' title='bbox 864 707 966 768; x_wconf 88' lang='lat' dir='ltr'><strong>llinar.</strong></span> <span class='ocrx_word' id='word_1_66' title='bbox 1023 702 1185 782; x_wconf 77' lang='lat' dir='ltr'><strong>crotopus</strong></span> <span class='ocrx_word' id='word_1_67' title='bbox 1202 709 1360 770; x_wconf 84' lang='grc'><strong>4444444444</strong></span> <span class='ocrx_word' id='word_1_68' title='bbox 1377 707 1414 770; x_wconf 86' lang='lat' dir='ltr'><strong>de</strong></span> <span class='ocrx_word' id='word_1_69' title='bbox 1429 710 1566 772; x_wconf 80' lang='grc'><strong>4444444444</strong></span> <span class='ocrx_word' id='word_1_70' title='bbox 1580 709 1610 771; x_wconf 82' lang='lat' dir='ltr'><strong>is</strong></span> <span class='ocrx_word' id='word_1_71' title='bbox 1631 711 1714 774; x_wconf 76' lang='lat' dir='ltr'><strong>itate</strong></span> 
     </span>
     <span class='ocr_line' id='line_1_8' title="bbox 246 793 1715 880; baseline 0.004 -20"><span class='ocrx_word' id='word_1_72' title='bbox 246 797 385 877; x_wconf 75' lang='lat' dir='ltr'><strong>Epistola</strong></span> <span class='ocrx_word' id='word_1_73' title='bbox 413 797 451 859; x_wconf 91' lang='lat' dir='ltr'><strong>de</strong></span> <span class='ocrx_word' id='word_1_74' title='bbox 481 797 573 880; x_wconf 85' lang='lat' dir='ltr'><strong>Orbis</strong></span> <span class='ocrx_word' id='word_1_75' title='bbox 604 800 667 858; x_wconf 89' lang='lat' dir='ltr'><strong>situ</strong></span> <span class='ocrx_word' id='word_1_76' title='bbox 696 815 734 860; x_wconf 90' lang='lat' dir='ltr'><strong>ac</strong></span> <span class='ocrx_word' id='word_1_77' title='bbox 765 798 968 879; x_wconf 77' lang='lat' dir='ltr'><strong>descriptione</strong></span> <span class='ocrx_word' id='word_1_78' title='bbox 1022 794 1079 856; x_wconf 80' lang='grc'><strong>444.</strong></span> <span class='ocrx_word' id='word_1_79' title='bbox 1106 793 1316 876; x_wconf 77' lang='lat' dir='ltr'><strong>Defensor-iam</strong></span> <span class='ocrx_word' id='word_1_80' title='bbox 1329 799 1381 862; x_wconf 77' lang='lat' dir='ltr'><strong>etei</strong></span> <span class='ocrx_word' id='word_1_81' title='bbox 1396 799 1524 880; x_wconf 81' lang='grc'><strong>04444444,</strong></span> <span class='ocrx_word' id='word_1_82' title='bbox 1553 807 1615 864; x_wconf 77' lang='lat' dir='ltr'><strong>sisa</strong></span> <span class='ocrx_word' id='word_1_83' title='bbox 1633 805 1715 866; x_wconf 84' lang='lat' dir='ltr'><strong>litato</strong></span> 
     </span>
    </p>
   </div>
   <div class='ocr_carea' id='block_1_3' title="bbox 125 879 1713 972">
    <p class='ocr_par' dir='ltr' id='par_1_4' title="bbox 125 879 1713 972">
     <span class='ocr_line' id='line_1_9' title="bbox 125 879 1713 972; baseline 0.003 -18"><span class='ocrx_word' id='word_1_84' title='bbox 125 879 130 887; x_wconf 79' lang='grc'><strong>’</strong></span> <span class='ocrx_word' id='word_1_85' title='bbox 251 891 332 954; x_wconf 81' lang='grc'><strong>4445</strong></span> <span class='ocrx_word' id='word_1_86' title='bbox 353 892 403 954; x_wconf 70' lang='lat' dir='ltr'><strong>lb.</strong></span> <span class='ocrx_word' id='word_1_87' title='bbox 1023 905 1097 966; x_wconf 84' lang='lat' dir='ltr'><strong>gum</strong></span> <span class='ocrx_word' id='word_1_88' title='bbox 1114 889 1194 950; x_wconf 86' lang='grc'><strong>44444</strong></span> <span class='ocrx_word' id='word_1_89' title='bbox 1208 889 1387 968; x_wconf 73' lang='lat' dir='ltr'><strong>directorem</strong></span> <span class='ocrx_word' id='word_1_90' title='bbox 1404 901 1435 955; x_wconf 90' lang='lat' dir='ltr'><strong>et</strong></span> <span class='ocrx_word' id='word_1_91' title='bbox 1456 895 1652 972; x_wconf 80' lang='lat' dir='ltr'><strong>detractorem,</strong></span> <span class='ocrx_word' id='word_1_92' title='bbox 1666 897 1713 958; x_wconf 83' lang='grc'><strong>448</strong></span> 
     </span>
    </p>
   </div>
   <div class='ocr_carea' id='block_1_4' title="bbox 224 981 1786 4881">
    <p class='ocr_par' dir='ltr' id='par_1_5' title="bbox 224 981 1786 4881">
     <span class='ocr_line' id='line_1_10' title="bbox 288 981 1713 1069; baseline 0.005 -24"><span class='ocrx_word' id='word_1_93' title='bbox 288 985 304 1022; x_wconf 73' lang='lat'>¹</span> <span class='ocrx_word' id='word_1_94' title='bbox 324 986 457 1064; x_wconf 86' lang='lat' dir='ltr'><strong>insignis</strong></span> <span class='ocrx_word' id='word_1_95' title='bbox 486 983 737 1047; x_wconf 85' lang='lat' dir='ltr'><strong>anachronismus</strong></span> <span class='ocrx_word' id='word_1_96' title='bbox 773 986 969 1066; x_wconf 84' lang='lat' dir='ltr'><strong>corrigendus</strong></span> <span class='ocrx_word' id='word_1_97' title='bbox 1026 983 1056 1042; x_wconf 92' lang='lat' dir='ltr'><strong>in</strong></span> <span class='ocrx_word' id='word_1_98' title='bbox 1079 983 1153 1044; x_wconf 89' lang='lat' dir='ltr'><strong>ltibl.</strong></span> <span class='ocrx_word' id='word_1_99' title='bbox 1167 981 1346 1063; x_wconf 83' lang='lat' dir='ltr'><strong>Bodlejana:</strong></span> <span class='ocrx_word' id='word_1_100' title='bbox 1368 987 1411 1048; x_wconf 83' lang='lat' dir='ltr'><strong>Dc</strong></span> <span class='ocrx_word' id='word_1_101' title='bbox 1428 985 1508 1069; x_wconf 77' lang='lat' dir='ltr'><strong>sonte</strong></span> <span class='ocrx_word' id='word_1_102' title='bbox 1530 990 1614 1052; x_wconf 78' lang='lat' dir='ltr'><strong>aare.</strong></span> <span class='ocrx_word' id='word_1_103' title='bbox 1633 991 1713 1052; x_wconf 85' lang='lat' dir='ltr'><strong>llialo</strong></span> 
     </span>
     <span class='ocr_line' id='line_1_11' title="bbox 248 1069 1712 1162; baseline 0.001 -20"><span class='ocrx_word' id='word_1_104' title='bbox 248 1079 299 1142; x_wconf 90' lang='lat' dir='ltr'><strong>bic</strong></span> <span class='ocrx_word' id='word_1_105' title='bbox 318 1080 419 1154; x_wconf 84' lang='lat' dir='ltr'><strong>venit3</strong></span> <span class='ocrx_word' id='word_1_106' title='bbox 451 1093 528 1157; x_wconf 83' lang='lat' dir='ltr'><strong>opus</strong></span> <span class='ocrx_word' id='word_1_107' title='bbox 548 1079 629 1140; x_wconf 87' lang='lat' dir='ltr'><strong>enim</strong></span> <span class='ocrx_word' id='word_1_108' title='bbox 651 1095 708 1140; x_wconf 90' lang='lat' dir='ltr'><strong>sea</strong></span> <span class='ocrx_word' id='word_1_109' title='bbox 729 1079 829 1140; x_wconf 88' lang='lat' dir='ltr'><strong>mavis</strong></span> <span class='ocrx_word' id='word_1_110' title='bbox 849 1081 971 1140; x_wconf 89' lang='lat' dir='ltr'><strong>itinere·</strong></span> <span class='ocrx_word' id='word_1_111' title='bbox 1026 1093 1098 1156; x_wconf 81' lang='lat' dir='ltr'><strong>gum</strong></span> <span class='ocrx_word' id='word_1_112' title='bbox 1120 1078 1186 1137; x_wconf 90' lang='lat' dir='ltr'><strong>sive</strong></span> <span class='ocrx_word' id='word_1_113' title='bbox 1215 1077 1375 1157; x_wconf 71' lang='grc'><strong>8444444444</strong></span> <span class='ocrx_word' id='word_1_114' title='bbox 1393 1077 1484 1162; x_wconf 74' lang='lat' dir='ltr'><strong>fontia</strong></span> <span class='ocrx_word' id='word_1_115' title='bbox 1504 1083 1588 1143; x_wconf 82' lang='lat' dir='ltr'><strong>Vitae.</strong></span> <span class='ocrx_word' id='word_1_116' title='bbox 1619 1069 1670 1146; x_wconf 77' lang='lat' dir='ltr'><strong>ild.</strong></span> <span class='ocrx_word' id='word_1_117' title='bbox 1687 1085 1712 1144; x_wconf 88' lang='lat' dir='ltr'><strong>io</strong></span> 
     </span>
     <span class='ocr_line' id='line_1_12' title="bbox 246 1169 1786 1252; baseline -0.002 -18"><span class='ocrx_word' id='word_1_118' title='bbox 246 1174 328 1236; x_wconf 88' lang='lat' dir='ltr'><strong>rium</strong></span> <span class='ocrx_word' id='word_1_119' title='bbox 354 1171 479 1234; x_wconf 81' lang='lat' dir='ltr'><strong>loannis</strong></span> <span class='ocrx_word' id='word_1_120' title='bbox 500 1171 592 1235; x_wconf 88' lang='lat' dir='ltr'><strong>huius</strong></span> <span class='ocrx_word' id='word_1_121' title='bbox 616 1172 704 1251; x_wconf 87' lang='lat' dir='ltr'><strong>longe</strong></span> <span class='ocrx_word' id='word_1_122' title='bbox 734 1173 891 1252; x_wconf 84' lang='lat' dir='ltr'><strong>antiquius</strong></span> <span class='ocrx_word' id='word_1_123' title='bbox 921 1180 971 1236; x_wconf 87' lang='lat' dir='ltr'><strong>est</strong></span> <span class='ocrx_word' id='word_1_124' title='bbox 1026 1169 1134 1232; x_wconf 85' lang='lat' dir='ltr'><strong>eadem</strong></span> <span class='ocrx_word' id='word_1_125' title='bbox 1165 1171 1237 1232; x_wconf 84' lang='lat' dir='ltr'><strong>Eibl.</strong></span> <span class='ocrx_word' id='word_1_126' title='bbox 1256 1172 1300 1237; x_wconf 82' lang='lat' dir='ltr'><strong>Da</strong></span> <span class='ocrx_word' id='word_1_127' title='bbox 1330 1172 1520 1236; x_wconf 73' lang='grc'><strong>4444444444.</strong></span> <span class='ocrx_word' id='word_1_128' title='bbox 1543 1175 1648 1237; x_wconf 78' lang='lat' dir='ltr'><strong>Certim</strong></span> <span class='ocrx_word' id='word_1_129' title='bbox 1670 1177 1715 1238; x_wconf 77' lang='lat' dir='ltr'><strong>la·</strong></span> <span class='ocrx_word' id='word_1_130' title='bbox 1785 1197 1786 1230; x_wconf 85' lang='grc'>;</span> 
     </span>
     <span class='ocr_line' id='line_1_13' title="bbox 248 1263 1716 1349; baseline 0.003 -21"><span class='ocrx_word' id='word_1_131' title='bbox 248 1283 345 1346; x_wconf 89' lang='lat' dir='ltr'><strong>quam</strong></span> <span class='ocrx_word' id='word_1_132' title='bbox 359 1266 639 1342; x_wconf 79' lang='lat' dir='ltr'><strong>bicstatnitur3ita</strong></span> <span class='ocrx_word' id='word_1_133' title='bbox 649 1267 731 1327; x_wconf 90' lang='lat' dir='ltr'><strong>enim</strong></span> <span class='ocrx_word' id='word_1_134' title='bbox 748 1267 854 1346; x_wconf 78' lang='lat' dir='ltr'><strong>incipit</strong></span> <span class='ocrx_word' id='word_1_135' title='bbox 869 1267 968 1329; x_wconf 82' lang='lat' dir='ltr'><strong>inldS.</strong></span> <span class='ocrx_word' id='word_1_136' title='bbox 1026 1263 1177 1326; x_wconf 72' lang='grc'><strong>44444414</strong></span> <span class='ocrx_word' id='word_1_137' title='bbox 1195 1265 1302 1346; x_wconf 83' lang='lat' dir='ltr'><strong>tarpr&#39;a</strong></span> <span class='ocrx_word' id='word_1_138' title='bbox 1313 1265 1716 1349; x_wconf 71' lang='lat' dir='ltr'><strong>poponemlipataamoto</strong></span> 
     </span>
     <span class='ocr_line' id='line_1_14' title="bbox 248 1357 1717 1443; baseline 0.001 -20"><span class='ocrx_word' id='word_1_139' title='bbox 248 1359 322 1423; x_wconf 79' lang='lat' dir='ltr'><strong>cad.</strong></span> <span class='ocrx_word' id='word_1_140' title='bbox 338 1361 569 1439; x_wconf 73' lang='lat' dir='ltr'><strong>tegernseensi,</strong></span> <span class='ocrx_word' id='word_1_141' title='bbox 586 1375 678 1439; x_wconf 83' lang='lat' dir='ltr'><strong>quem</strong></span> <span class='ocrx_word' id='word_1_142' title='bbox 692 1361 846 1422; x_wconf 87' lang='lat' dir='ltr'><strong>consuluit</strong></span> <span class='ocrx_word' id='word_1_143' title='bbox 859 1361 889 1420; x_wconf 87' lang='lat' dir='ltr'><strong>P.</strong></span> <span class='ocrx_word' id='word_1_144' title='bbox 913 1362 971 1420; x_wconf 86' lang='lat' dir='ltr'><strong>Pez</strong></span> <span class='ocrx_word' id='word_1_145' title='bbox 1027 1359 1111 1436; x_wconf 63' lang='grc'><strong>444444</strong></span> <span class='ocrx_word' id='word_1_146' title='bbox 1127 1365 1161 1418; x_wconf 96' lang='grc'><strong>44</strong></span> <span class='ocrx_word' id='word_1_147' title='bbox 1180 1357 1337 1422; x_wconf 73' lang='lat' dir='ltr'><strong>&amp;muner</strong></span> <span class='ocrx_word' id='word_1_148' title='bbox 1365 1363 1464 1422; x_wconf 86' lang='grc'><strong>444444</strong></span> <span class='ocrx_word' id='word_1_149' title='bbox 1489 1361 1527 1423; x_wconf 97' lang='grc'><strong>44</strong></span> <span class='ocrx_word' id='word_1_150' title='bbox 1553 1370 1675 1443; x_wconf 79' lang='lat' dir='ltr'><strong>ternpore</strong></span> <span class='ocrx_word' id='word_1_151' title='bbox 1690 1371 1717 1424; x_wconf 90' lang='lat' dir='ltr'><strong>et</strong></span> 
     </span>
     <span class='ocr_line' id='line_1_15' title="bbox 249 1451 1716 1532; baseline 0.001 -14"><span class='ocrx_word' id='word_1_152' title='bbox 249 1463 331 1518; x_wconf 82' lang='grc'><strong>44444</strong></span> <span class='ocrx_word' id='word_1_153' title='bbox 358 1456 387 1515; x_wconf 91' lang='grc'><strong>4.</strong></span> <span class='ocrx_word' id='word_1_154' title='bbox 414 1451 560 1514; x_wconf 79' lang='grc'><strong>4444444.</strong></span> <span class='ocrx_word' id='word_1_155' title='bbox 590 1453 621 1512; x_wconf 88' lang='grc'><strong>44</strong></span> <span class='ocrx_word' id='word_1_156' title='bbox 642 1453 799 1513; x_wconf 81' lang='grc'><strong>4444444444.</strong></span> <span class='ocrx_word' id='word_1_157' title='bbox 821 1454 973 1532; x_wconf 85' lang='lat' dir='ltr'><strong>isagogica</strong></span> <span class='ocrx_word' id='word_1_158' title='bbox 1028 1451 1157 1512; x_wconf 88' lang='lat' dir='ltr'><strong>Sanctis.</strong></span> <span class='ocrx_word' id='word_1_159' title='bbox 1176 1451 1250 1513; x_wconf 85' lang='lat' dir='ltr'><strong>Vide</strong></span> <span class='ocrx_word' id='word_1_160' title='bbox 1267 1453 1466 1518; x_wconf 85' lang='lat' dir='ltr'><strong>&#39;l&#39;ritbernium</strong></span> <span class='ocrx_word' id='word_1_161' title='bbox 1482 1456 1510 1514; x_wconf 94' lang='lat' dir='ltr'><strong>in</strong></span> <span class='ocrx_word' id='word_1_162' title='bbox 1526 1455 1595 1516; x_wconf 89' lang='lat' dir='ltr'><strong>ilibl.</strong></span> <span class='ocrx_word' id='word_1_163' title='bbox 1609 1458 1716 1520; x_wconf 80' lang='lat' dir='ltr'><strong>Carmo</strong></span> 
     </span>
     <span class='ocr_line' id='line_1_16' title="bbox 248 1544 1716 1629; baseline 0.003 -24"><span class='ocrx_word' id='word_1_164' title='bbox 248 1563 315 1626; x_wconf 89' lang='lat' dir='ltr'><strong>pag.</strong></span> <span class='ocrx_word' id='word_1_165' title='bbox 337 1545 386 1605; x_wconf 94' lang='grc'><strong>87.</strong></span> <span class='ocrx_word' id='word_1_166' title='bbox 407 1563 437 1605; x_wconf 89' lang='grc'><strong>4.</strong></span> <span class='ocrx_word' id='word_1_167' title='bbox 458 1547 486 1604; x_wconf 94' lang='grc'><strong>8.</strong></span> <span class='ocrx_word' id='word_1_168' title='bbox 508 1544 593 1605; x_wconf 82' lang='lat' dir='ltr'><strong>Anao</strong></span> <span class='ocrx_word' id='word_1_169' title='bbox 609 1545 731 1605; x_wconf 84' lang='lat' dir='ltr'><strong>Domini</strong></span> <span class='ocrx_word' id='word_1_170' title='bbox 753 1546 815 1608; x_wconf 83' lang='grc'><strong>889</strong></span> <span class='ocrx_word' id='word_1_171' title='bbox 838 1545 969 1606; x_wconf 72' lang='lat' dir='ltr'><strong>loannes</strong></span> <span class='ocrx_word' id='word_1_172' title='bbox 1027 1545 1116 1623; x_wconf 84' lang='lat' dir='ltr'><strong>litias,</strong></span> <span class='ocrx_word' id='word_1_173' title='bbox 1137 1552 1169 1606; x_wconf 90' lang='lat' dir='ltr'><strong>et</strong></span> <span class='ocrx_word' id='word_1_174' title='bbox 1184 1545 1223 1607; x_wconf 92' lang='lat' dir='ltr'><strong>de</strong></span> <span class='ocrx_word' id='word_1_175' title='bbox 1238 1547 1269 1608; x_wconf 90' lang='lat' dir='ltr'><strong>S.</strong></span> <span class='ocrx_word' id='word_1_176' title='bbox 1285 1547 1320 1608; x_wconf 88' lang='lat' dir='ltr'><strong>E.</strong></span> <span class='ocrx_word' id='word_1_177' title='bbox 1334 1565 1399 1626; x_wconf 76' lang='lat' dir='ltr'><strong>sap.</strong></span> <span class='ocrx_word' id='word_1_178' title='bbox 1413 1549 1519 1610; x_wconf 78' lang='lat' dir='ltr'><strong>assat</strong></span> <span class='ocrx_word' id='word_1_179' title='bbox 1533 1547 1569 1610; x_wconf 90' lang='lat' dir='ltr'><strong>de</strong></span> <span class='ocrx_word' id='word_1_180' title='bbox 1583 1551 1716 1629; x_wconf 86' lang='lat' dir='ltr'><strong>scriptori·</strong></span> 
     </span>
     <span class='ocr_line' id='line_1_17' title="bbox 253 1635 1718 1722; baseline 0 -19"><span class='ocrx_word' id='word_1_181' title='bbox 253 1642 331 1704; x_wconf 74' lang='lat' dir='ltr'><strong>aaa</strong></span> <span class='ocrx_word' id='word_1_182' title='bbox 352 1635 511 1720; x_wconf 74' lang='lat' dir='ltr'><strong>presbyter</strong></span> <span class='ocrx_word' id='word_1_183' title='bbox 534 1637 730 1704; x_wconf 78' lang='lat' dir='ltr'><strong>Traiecteaeie</strong></span> <span class='ocrx_word' id='word_1_184' title='bbox 750 1638 892 1700; x_wconf 83' lang='lat' dir='ltr'><strong>diaecesis</strong></span> <span class='ocrx_word' id='word_1_185' title='bbox 914 1635 975 1719; x_wconf 81' lang='grc'><strong>[4444</strong></span> <span class='ocrx_word' id='word_1_186' title='bbox 1027 1639 1088 1702; x_wconf 87' lang='lat' dir='ltr'><strong>bu&#39;s</strong></span> <span class='ocrx_word' id='word_1_187' title='bbox 1103 1637 1204 1700; x_wconf 83' lang='lat' dir='ltr'><strong>Germ.</strong></span> <span class='ocrx_word' id='word_1_188' title='bbox 1221 1657 1286 1720; x_wconf 89' lang='lat' dir='ltr'><strong>cap.</strong></span> <span class='ocrx_word' id='word_1_189' title='bbox 1302 1642 1361 1703; x_wconf 75' lang='grc'><strong>448</strong></span> <span class='ocrx_word' id='word_1_190' title='bbox 1378 1642 1526 1722; x_wconf 69' lang='lat' dir='ltr'><strong>siegrium</strong></span> <span class='ocrx_word' id='word_1_191' title='bbox 1542 1657 1569 1722; x_wconf 93' lang='lat' dir='ltr'><strong>p.</strong></span> <span class='ocrx_word' id='word_1_192' title='bbox 1584 1643 1649 1704; x_wconf 82' lang='lat' dir='ltr'><strong>sta.</strong></span> <span class='ocrx_word' id='word_1_193' title='bbox 1660 1645 1718 1703; x_wconf 78' lang='lat' dir='ltr'><strong>los</strong></span> 
     </span>
     <span class='ocr_line' id='line_1_18' title="bbox 247 1731 1786 1818; baseline 0.001 -24"><span class='ocrx_word' id='word_1_194' title='bbox 247 1731 469 1794; x_wconf 69' lang='lat' dir='ltr'><strong>indomitatem.</strong></span> <span class='ocrx_word' id='word_1_195' title='bbox 485 1732 648 1793; x_wconf 90' lang='lat' dir='ltr'><strong>llaecnlim</strong></span> <span class='ocrx_word' id='word_1_196' title='bbox 666 1734 849 1814; x_wconf 80' lang='lat' dir='ltr'><strong>scripseram</strong></span> <span class='ocrx_word' id='word_1_197' title='bbox 862 1751 900 1794; x_wconf 87' lang='lat' dir='ltr'><strong>ex</strong></span> <span class='ocrx_word' id='word_1_198' title='bbox 915 1733 973 1794; x_wconf 90' lang='lat' dir='ltr'><strong>lide</strong></span> <span class='ocrx_word' id='word_1_199' title='bbox 1029 1733 1171 1794; x_wconf 81' lang='lat' dir='ltr'><strong>savinum</strong></span> <span class='ocrx_word' id='word_1_200' title='bbox 1199 1739 1258 1794; x_wconf 86' lang='lat' dir='ltr'><strong>eto.</strong></span> <span class='ocrx_word' id='word_1_201' title='bbox 1282 1735 1411 1798; x_wconf 80' lang='lat' dir='ltr'><strong>Fallitur</strong></span> <span class='ocrx_word' id='word_1_202' title='bbox 1429 1735 1564 1798; x_wconf 84' lang='grc'><strong>04444444</strong></span> <span class='ocrx_word' id='word_1_203' title='bbox 1583 1739 1630 1814; x_wconf 84' lang='lat' dir='ltr'><strong>qui</strong></span> <span class='ocrx_word' id='word_1_204' title='bbox 1648 1735 1717 1796; x_wconf 89' lang='lat' dir='ltr'><strong>bnac</strong></span> <span class='ocrx_word' id='word_1_205' title='bbox 1785 1769 1786 1818; x_wconf 63' lang='grc'><strong>4</strong></span> 
     </span>
     <span class='ocr_line' id='line_1_19' title="bbox 248 1819 1786 1900; baseline 0.001 -11"><span class='ocrx_word' id='word_1_206' title='bbox 248 1826 412 1889; x_wconf 88' lang='lat' dir='ltr'><strong>autharum</strong></span> <span class='ocrx_word' id='word_1_207' title='bbox 432 1827 579 1888; x_wconf 76' lang='lat' dir='ltr'><strong>Historiae</strong></span> <span class='ocrx_word' id='word_1_208' title='bbox 601 1827 764 1887; x_wconf 74' lang='lat' dir='ltr'><strong>literatius</strong></span> <span class='ocrx_word' id='word_1_209' title='bbox 784 1826 924 1900; x_wconf 77' lang='grc'><strong>(44444444,</strong></span> <span class='ocrx_word' id='word_1_210' title='bbox 940 1834 974 1887; x_wconf 85' lang='lat' dir='ltr'><strong>et</strong></span> <span class='ocrx_word' id='word_1_211' title='bbox 1027 1825 1175 1888; x_wconf 85' lang='lat' dir='ltr'><strong>loannem</strong></span> <span class='ocrx_word' id='word_1_212' title='bbox 1197 1819 1483 1892; x_wconf 85' lang='lat' dir='ltr'><strong>llildesbeimsnsom</strong></span> <span class='ocrx_word' id='word_1_213' title='bbox 1499 1829 1716 1892; x_wconf 87' lang='lat' dir='ltr'><strong>coaluadltcam</strong></span> <span class='ocrx_word' id='word_1_214' title='bbox 1785 1821 1786 1890; x_wconf 82' lang='lat' dir='ltr'><strong>l</strong></span> 
     </span>
     <span class='ocr_line' id='line_1_20' title="bbox 255 1917 1630 2002; baseline 0.003 -20"><span class='ocrx_word' id='word_1_215' title='bbox 255 1919 392 1983; x_wconf 88' lang='lat' dir='ltr'><strong>eiusdem</strong></span> <span class='ocrx_word' id='word_1_216' title='bbox 411 1921 500 1996; x_wconf 80' lang='lat' dir='ltr'><strong>Paeti,</strong></span> <span class='ocrx_word' id='word_1_217' title='bbox 518 1919 606 1980; x_wconf 89' lang='lat' dir='ltr'><strong>cuius</strong></span> <span class='ocrx_word' id='word_1_218' title='bbox 622 1918 865 1981; x_wconf 79' lang='lat' dir='ltr'><strong>dissertationem</strong></span> <span class='ocrx_word' id='word_1_219' title='bbox 881 1921 976 1982; x_wconf 85' lang='lat' dir='ltr'><strong>oculis</strong></span> <span class='ocrx_word' id='word_1_220' title='bbox 1028 1920 1142 1982; x_wconf 79' lang='grc'><strong>1444444</strong></span> <span class='ocrx_word' id='word_1_221' title='bbox 1162 1917 1260 1996; x_wconf 76' lang='lat' dir='ltr'><strong>caet,</strong></span> <span class='ocrx_word' id='word_1_222' title='bbox 1280 1920 1318 1982; x_wconf 90' lang='lat' dir='ltr'><strong>de</strong></span> <span class='ocrx_word' id='word_1_223' title='bbox 1337 1939 1398 2001; x_wconf 88' lang='lat' dir='ltr'><strong>quo</strong></span> <span class='ocrx_word' id='word_1_224' title='bbox 1418 1927 1515 2002; x_wconf 77' lang='lat' dir='ltr'><strong>supra.</strong></span> <span class='ocrx_word' id='word_1_225' title='bbox 1628 1935 1630 1942; x_wconf 86' lang='grc'><strong>’</strong></span> 
     </span>
     <span class='ocr_line' id='line_1_21' title="bbox 249 2009 1717 2095; baseline 0 -22"><span class='ocrx_word' id='word_1_226' title='bbox 249 2016 451 2093; x_wconf 87' lang='lat' dir='ltr'><strong>inspexeram.</strong></span> <span class='ocrx_word' id='word_1_227' title='bbox 485 2013 572 2073; x_wconf 85' lang='lat' dir='ltr'><strong>Nunc</strong></span> <span class='ocrx_word' id='word_1_228' title='bbox 603 2027 675 2072; x_wconf 88' lang='grc'><strong>4444</strong></span> <span class='ocrx_word' id='word_1_229' title='bbox 706 2027 770 2072; x_wconf 89' lang='lat' dir='ltr'><strong>rem</strong></span> <span class='ocrx_word' id='word_1_230' title='bbox 798 2011 975 2092; x_wconf 86' lang='lat' dir='ltr'><strong>diligentius</strong></span> <span class='ocrx_word' id='word_1_231' title='bbox 1068 2009 1240 2074; x_wconf 73' lang='lat' dir='ltr'><strong>rosanus</strong></span> <span class='ocrx_word' id='word_1_232' title='bbox 1258 2012 1394 2080; x_wconf 79' lang='grc'><strong>4444444444</strong></span> <span class='ocrx_word' id='word_1_233' title='bbox 1409 2014 1717 2095; x_wconf 62' lang='lat' dir='ltr'><strong>supranotato.</strong></span> 
     </span>
     <span class='ocr_line' id='line_1_22' title="bbox 249 2105 1717 2188; baseline 0.001 -21"><span class='ocrx_word' id='word_1_234' title='bbox 249 2105 421 2186; x_wconf 87' lang='lat' dir='ltr'><strong>ponderans</strong></span> <span class='ocrx_word' id='word_1_235' title='bbox 438 2107 576 2184; x_wconf 89' lang='lat' dir='ltr'><strong>suspicor</strong></span> <span class='ocrx_word' id='word_1_236' title='bbox 590 2105 767 2167; x_wconf 84' lang='lat' dir='ltr'><strong>mendosam</strong></span> <span class='ocrx_word' id='word_1_237' title='bbox 781 2121 851 2166; x_wconf 86' lang='lat' dir='ltr'><strong>esse</strong></span> <span class='ocrx_word' id='word_1_238' title='bbox 869 2109 974 2169; x_wconf 86' lang='lat' dir='ltr'><strong>inseri·</strong></span> <span class='ocrx_word' id='word_1_239' title='bbox 1066 2105 1394 2169; x_wconf 66' lang='lat' dir='ltr'><strong>lassataslasatas</strong></span> <span class='ocrx_word' id='word_1_240' title='bbox 1404 2109 1539 2188; x_wconf 83' lang='lat' dir='ltr'><strong>Sophiste</strong></span> <span class='ocrx_word' id='word_1_241' title='bbox 1549 2109 1717 2188; x_wconf 70' lang='lat' dir='ltr'><strong>laginam</strong></span> 
     </span>
     <span class='ocr_line' id='line_1_23' title="bbox 248 2193 1719 2282; baseline 0.001 -24"><span class='ocrx_word' id='word_1_242' title='bbox 248 2200 383 2278; x_wconf 88' lang='lat' dir='ltr'><strong>ptionem</strong></span> <span class='ocrx_word' id='word_1_243' title='bbox 400 2197 518 2260; x_wconf 89' lang='lat' dir='ltr'><strong>Codicis</strong></span> <span class='ocrx_word' id='word_1_244' title='bbox 539 2199 666 2275; x_wconf 85' lang='lat' dir='ltr'><strong>Peziani,</strong></span> <span class='ocrx_word' id='word_1_245' title='bbox 689 2215 724 2260; x_wconf 90' lang='lat' dir='ltr'><strong>ac</strong></span> <span class='ocrx_word' id='word_1_246' title='bbox 746 2201 847 2278; x_wconf 89' lang='lat' dir='ltr'><strong>reipsa</strong></span> <span class='ocrx_word' id='word_1_247' title='bbox 870 2201 971 2281; x_wconf 76' lang='grc'><strong>74444-</strong></span> <span class='ocrx_word' id='word_1_248' title='bbox 1023 2193 1077 2277; x_wconf 80' lang='grc'><strong>444</strong></span> <span class='ocrx_word' id='word_1_249' title='bbox 1093 2197 1167 2261; x_wconf 87' lang='lat' dir='ltr'><strong>nibil</strong></span> <span class='ocrx_word' id='word_1_250' title='bbox 1186 2201 1243 2260; x_wconf 85' lang='grc'><strong>4444</strong></span> <span class='ocrx_word' id='word_1_251' title='bbox 1256 2198 1451 2280; x_wconf 66' lang='lat' dir='ltr'><strong>[alacianus</strong></span> <span class='ocrx_word' id='word_1_252' title='bbox 1466 2199 1608 2282; x_wconf 69' lang='lat' dir='ltr'><strong>sameas</strong></span> <span class='ocrx_word' id='word_1_253' title='bbox 1620 2215 1719 2261; x_wconf 87' lang='lat' dir='ltr'><strong>memo</strong></span> 
     </span>
     <span class='ocr_line' id='line_1_24' title="bbox 245 2292 1455 2372; baseline 0.002 -20"><span class='ocrx_word' id='word_1_254' title='bbox 245 2297 384 2353; x_wconf 84' lang='lat' dir='ltr'><strong>alensem</strong></span> <span class='ocrx_word' id='word_1_255' title='bbox 396 2292 667 2370; x_wconf 89' lang='lat' dir='ltr'><strong>huncscriptorem</strong></span> <span class='ocrx_word' id='word_1_256' title='bbox 683 2297 969 2356; x_wconf 84' lang='lat' dir='ltr'><strong>commentationem</strong></span> <span class='ocrx_word' id='word_1_257' title='bbox 1026 2297 1074 2351; x_wconf 88' lang='lat' dir='ltr'><strong>rat</strong></span> <span class='ocrx_word' id='word_1_258' title='bbox 1088 2292 1208 2353; x_wconf 88' lang='lat' dir='ltr'><strong>Pitseus</strong></span> <span class='ocrx_word' id='word_1_259' title='bbox 1222 2311 1288 2372; x_wconf 85' lang='lat' dir='ltr'><strong>pag.</strong></span> <span class='ocrx_word' id='word_1_260' title='bbox 1307 2293 1374 2355; x_wconf 82' lang='grc'><strong>874.</strong></span> <span class='ocrx_word' id='word_1_261' title='bbox 1451 2317 1455 2328; x_wconf 79' lang='grc'>’</span> 
     </span>
     <span class='ocr_line' id='line_1_25' title="bbox 249 2383 1718 2467; baseline -0.002 -21"><span class='ocrx_word' id='word_1_262' title='bbox 249 2401 337 2448; x_wconf 87' lang='lat' dir='ltr'><strong>suam</strong></span> <span class='ocrx_word' id='word_1_263' title='bbox 351 2400 411 2445; x_wconf 91' lang='lat' dir='ltr'><strong>non</strong></span> <span class='ocrx_word' id='word_1_264' title='bbox 429 2383 552 2446; x_wconf 89' lang='lat' dir='ltr'><strong>dedisse</strong></span> <span class='ocrx_word' id='word_1_265' title='bbox 567 2386 628 2446; x_wconf 91' lang='lat' dir='ltr'><strong>nisi</strong></span> <span class='ocrx_word' id='word_1_266' title='bbox 645 2401 725 2446; x_wconf 85' lang='lat' dir='ltr'><strong>anno</strong></span> <span class='ocrx_word' id='word_1_267' title='bbox 743 2385 829 2446; x_wconf 82' lang='lat' dir='ltr'><strong>ists.</strong></span> <span class='ocrx_word' id='word_1_268' title='bbox 851 2392 887 2449; x_wconf 92' lang='lat' dir='ltr'><strong>ut</strong></span> <span class='ocrx_word' id='word_1_269' title='bbox 907 2387 971 2467; x_wconf 90' lang='lat' dir='ltr'><strong>ipse</strong></span> <span class='ocrx_word' id='word_1_270' title='bbox 1066 2384 1237 2448; x_wconf 73' lang='lat' dir='ltr'><strong>tostinus</strong></span> <span class='ocrx_word' id='word_1_271' title='bbox 1244 2384 1385 2465; x_wconf 72' lang='grc'><strong>4444444444</strong></span> <span class='ocrx_word' id='word_1_272' title='bbox 1395 2383 1718 2464; x_wconf 72' lang='grc'><strong>4444414444444444444.</strong></span> 
     </span>
     <span class='ocr_line' id='line_1_26' title="bbox 248 2475 1786 2559; baseline -0.001 -19"><span class='ocrx_word' id='word_1_273' title='bbox 248 2481 280 2541; x_wconf 89' lang='lat' dir='ltr'><strong>in</strong></span> <span class='ocrx_word' id='word_1_274' title='bbox 299 2478 405 2540; x_wconf 85' lang='lat' dir='ltr'><strong>eodem</strong></span> <span class='ocrx_word' id='word_1_275' title='bbox 426 2479 573 2559; x_wconf 91' lang='lat' dir='ltr'><strong>opuscula</strong></span> <span class='ocrx_word' id='word_1_276' title='bbox 589 2485 730 2554; x_wconf 88' lang='lat' dir='ltr'><strong>testatur,</strong></span> <span class='ocrx_word' id='word_1_277' title='bbox 748 2478 884 2558; x_wconf 88' lang='lat' dir='ltr'><strong>adeoque</strong></span> <span class='ocrx_word' id='word_1_278' title='bbox 898 2483 972 2542; x_wconf 89' lang='lat' dir='ltr'><strong>scri·</strong></span> <span class='ocrx_word' id='word_1_279' title='bbox 1066 2478 1239 2542; x_wconf 82' lang='grc'><strong>4044444448</strong></span> <span class='ocrx_word' id='word_1_280' title='bbox 1270 2479 1307 2540; x_wconf 84' lang='lat' dir='ltr'><strong>de</strong></span> <span class='ocrx_word' id='word_1_281' title='bbox 1334 2478 1477 2542; x_wconf 74' lang='grc'><strong>4444444444.</strong></span> <span class='ocrx_word' id='word_1_282' title='bbox 1498 2481 1604 2559; x_wconf 85' lang='lat' dir='ltr'><strong>snpra,</strong></span> <span class='ocrx_word' id='word_1_283' title='bbox 1628 2479 1668 2538; x_wconf 77' lang='lat' dir='ltr'><strong>lo.</strong></span> <span class='ocrx_word' id='word_1_284' title='bbox 1688 2475 1719 2538; x_wconf 82' lang='lat' dir='ltr'><strong>de</strong></span> <span class='ocrx_word' id='word_1_285' title='bbox 1785 2505 1786 2524; x_wconf 70' lang='lat'><strong>.</strong></span> 
     </span>
     <span class='ocr_line' id='line_1_27' title="bbox 250 2564 1786 2654; baseline -0.002 -20"><span class='ocrx_word' id='word_1_286' title='bbox 250 2581 367 2654; x_wconf 83' lang='lat' dir='ltr'><strong>pteram</strong></span> <span class='ocrx_word' id='word_1_287' title='bbox 399 2573 481 2634; x_wconf 93' lang='lat' dir='ltr'><strong>bunc</strong></span> <span class='ocrx_word' id='word_1_288' title='bbox 501 2589 519 2632; x_wconf 90' lang='lat' dir='ltr'><strong>e</strong></span> <span class='ocrx_word' id='word_1_289' title='bbox 541 2573 648 2634; x_wconf 84' lang='lat' dir='ltr'><strong>Secula</strong></span> <span class='ocrx_word' id='word_1_290' title='bbox 670 2573 713 2634; x_wconf 84' lang='lat' dir='ltr'><strong>lx</strong></span> <span class='ocrx_word' id='word_1_291' title='bbox 734 2574 784 2634; x_wconf 89' lang='lat' dir='ltr'><strong>cui</strong></span> <span class='ocrx_word' id='word_1_292' title='bbox 812 2575 972 2636; x_wconf 90' lang='lat' dir='ltr'><strong>Literariae</strong></span> <span class='ocrx_word' id='word_1_293' title='bbox 1029 2564 1183 2634; x_wconf 81' lang='lat' dir='ltr'><strong>Hcsdiar‘a.</strong></span> <span class='ocrx_word' id='word_1_294' title='bbox 1785 2571 1786 2620; x_wconf 63' lang='lat'><em>3</em></span> 
     </span>
     <span class='ocr_line' id='line_1_28' title="bbox 250 2665 1720 2748; baseline -0.002 -20"><span class='ocrx_word' id='word_1_295' title='bbox 250 2669 407 2746; x_wconf 77' lang='lat' dir='ltr'><strong>llystonm</strong></span> <span class='ocrx_word' id='word_1_296' title='bbox 417 2667 580 2744; x_wconf 82' lang='lat' dir='ltr'><strong>scriptores</strong></span> <span class='ocrx_word' id='word_1_297' title='bbox 596 2667 752 2744; x_wconf 86' lang='lat' dir='ltr'><strong>assignant</strong></span> <span class='ocrx_word' id='word_1_298' title='bbox 762 2665 800 2726; x_wconf 90' lang='lat' dir='ltr'><strong>ad</strong></span> <span class='ocrx_word' id='word_1_299' title='bbox 811 2667 973 2728; x_wconf 88' lang='lat' dir='ltr'><strong>Saeculum</strong></span> <span class='ocrx_word' id='word_1_300' title='bbox 1067 2665 1240 2728; x_wconf 78' lang='grc'><strong>4044444448</strong></span> <span class='ocrx_word' id='word_1_301' title='bbox 1268 2665 1452 2748; x_wconf 65' lang='lat' dir='ltr'><strong>Hispalensis</strong></span> <span class='ocrx_word' id='word_1_302' title='bbox 1474 2666 1720 2746; x_wconf 88' lang='lat' dir='ltr'><strong>llrcbiepiscapus,</strong></span> 
     </span>
     <span class='ocr_line' id='line_1_29' title="bbox 250 2758 1721 2838; baseline -0.004 -16"><span class='ocrx_word' id='word_1_303' title='bbox 250 2759 320 2822; x_wconf 86' lang='lat' dir='ltr'><strong>xlv</strong></span> <span class='ocrx_word' id='word_1_304' title='bbox 338 2777 408 2823; x_wconf 91' lang='lat' dir='ltr'><strong>cum</strong></span> <span class='ocrx_word' id='word_1_305' title='bbox 426 2759 558 2820; x_wconf 84' lang='lat' dir='ltr'><strong>Fabricio</strong></span> <span class='ocrx_word' id='word_1_306' title='bbox 572 2759 621 2820; x_wconf 92' lang='lat' dir='ltr'><strong>bic</strong></span> <span class='ocrx_word' id='word_1_307' title='bbox 635 2759 794 2820; x_wconf 86' lang='lat' dir='ltr'><strong>transiero.</strong></span> <span class='ocrx_word' id='word_1_308' title='bbox 923 2761 927 2770; x_wconf 91' lang='grc'><strong>’</strong></span> <span class='ocrx_word' id='word_1_309' title='bbox 1028 2773 1120 2836; x_wconf 87' lang='lat' dir='ltr'><strong>quern</strong></span> <span class='ocrx_word' id='word_1_310' title='bbox 1131 2758 1263 2838; x_wconf 84' lang='lat' dir='ltr'><strong>llagade</strong></span> <span class='ocrx_word' id='word_1_311' title='bbox 1279 2761 1309 2822; x_wconf 86' lang='lat' dir='ltr'><strong>S.</strong></span> <span class='ocrx_word' id='word_1_312' title='bbox 1324 2759 1442 2821; x_wconf 83' lang='lat' dir='ltr'><strong>Victore</strong></span> <span class='ocrx_word' id='word_1_313' title='bbox 1457 2759 1506 2820; x_wconf 87' lang='lat' dir='ltr'><strong>lib.</strong></span> <span class='ocrx_word' id='word_1_314' title='bbox 1522 2763 1535 2822; x_wconf 93' lang='grc'><strong>4</strong></span> <span class='ocrx_word' id='word_1_315' title='bbox 1553 2761 1628 2820; x_wconf 87' lang='grc'><strong>44444.</strong></span> <span class='ocrx_word' id='word_1_316' title='bbox 1644 2758 1721 2818; x_wconf 85' lang='lat' dir='ltr'><strong>titula</strong></span> 
     </span>
     <span class='ocr_line' id='line_1_30' title="bbox 290 2849 1724 2934; baseline -0.003 -20"><span class='ocrx_word' id='word_1_317' title='bbox 290 2851 466 2916; x_wconf 78' lang='lat' dir='ltr'><strong>JOANNES</strong></span> <span class='ocrx_word' id='word_1_318' title='bbox 486 2851 522 2912; x_wconf 84' lang='lat' dir='ltr'><strong>de</strong></span> <span class='ocrx_word' id='word_1_319' title='bbox 543 2853 666 2913; x_wconf 77' lang='lat' dir='ltr'><strong>Hemone</strong></span> <span class='ocrx_word' id='word_1_320' title='bbox 689 2855 719 2912; x_wconf 94' lang='lat' dir='ltr'><strong>iu</strong></span> <span class='ocrx_word' id='word_1_321' title='bbox 741 2849 967 2928; x_wconf 89' lang='lat' dir='ltr'><strong>Northumbria,</strong></span> <span class='ocrx_word' id='word_1_322' title='bbox 1026 2849 1135 2913; x_wconf 80' lang='lat' dir='ltr'><strong>lxxx</strong></span> <span class='ocrx_word' id='word_1_323' title='bbox 1151 2861 1227 2914; x_wconf 89' lang='lat' dir='ltr'><strong>tam.</strong></span> <span class='ocrx_word' id='word_1_324' title='bbox 1243 2854 1261 2914; x_wconf 85' lang='grc'><strong>4</strong></span> <span class='ocrx_word' id='word_1_325' title='bbox 1275 2854 1351 2933; x_wconf 91' lang='lat' dir='ltr'><strong>Opp.</strong></span> <span class='ocrx_word' id='word_1_326' title='bbox 1367 2869 1432 2934; x_wconf 87' lang='lat' dir='ltr'><strong>pag.</strong></span> <span class='ocrx_word' id='word_1_327' title='bbox 1449 2855 1505 2916; x_wconf 85' lang='lat' dir='ltr'><strong>tls</strong></span> <span class='ocrx_word' id='word_1_328' title='bbox 1520 2855 1644 2933; x_wconf 82' lang='lat' dir='ltr'><strong>graviter</strong></span> <span class='ocrx_word' id='word_1_329' title='bbox 1669 2867 1724 2912; x_wconf 83' lang='lat' dir='ltr'><strong>mo</strong></span> 
     </span>
     <span class='ocr_line' id='line_1_31' title="bbox 251 2943 1724 3026; baseline -0.003 -18"><span class='ocrx_word' id='word_1_330' title='bbox 251 2962 343 3026; x_wconf 83' lang='lat' dir='ltr'><strong>snpra</strong></span> <span class='ocrx_word' id='word_1_331' title='bbox 363 2948 494 3006; x_wconf 83' lang='grc'><strong>14444444</strong></span> <span class='ocrx_word' id='word_1_332' title='bbox 508 2944 769 3024; x_wconf 79' lang='lat' dir='ltr'><strong>Hapatstadeasis.</strong></span> <span class='ocrx_word' id='word_1_333' title='bbox 915 2948 918 2958; x_wconf 86' lang='grc'><strong>“</strong></span> <span class='ocrx_word' id='word_1_334' title='bbox 1028 2945 1203 3006; x_wconf 72' lang='lat' dir='ltr'><strong>notititiam</strong></span> <span class='ocrx_word' id='word_1_335' title='bbox 1226 2947 1429 3009; x_wconf 80' lang='lat' dir='ltr'><strong>Christianam</strong></span> <span class='ocrx_word' id='word_1_336' title='bbox 1453 2951 1512 3007; x_wconf 84' lang='lat' dir='ltr'><strong>rios</strong></span> <span class='ocrx_word' id='word_1_337' title='bbox 1533 2945 1624 3007; x_wconf 91' lang='lat' dir='ltr'><strong>solum</strong></span> <span class='ocrx_word' id='word_1_338' title='bbox 1644 2943 1724 3005; x_wconf 88' lang='lat' dir='ltr'><strong>carde</strong></span> 
     </span>
     <span class='ocr_line' id='line_1_32' title="bbox 291 3035 1723 3120; baseline 0 -22"><span class='ocrx_word' id='word_1_339' title='bbox 291 3039 464 3101; x_wconf 77' lang='grc'><strong>4044444448</strong></span> <span class='ocrx_word' id='word_1_340' title='bbox 486 3035 659 3118; x_wconf 81' lang='lat' dir='ltr'><strong>lliclrslejaa</strong></span> <span class='ocrx_word' id='word_1_341' title='bbox 683 3038 809 3118; x_wconf 81' lang='lat' dir='ltr'><strong>Anglus,</strong></span> <span class='ocrx_word' id='word_1_342' title='bbox 831 3039 974 3120; x_wconf 81' lang='lat' dir='ltr'><strong>Augusti·</strong></span> <span class='ocrx_word' id='word_1_343' title='bbox 1026 3037 1200 3114; x_wconf 84' lang='lat' dir='ltr'><strong>tenendam,</strong></span> <span class='ocrx_word' id='word_1_344' title='bbox 1225 3039 1279 3100; x_wconf 89' lang='lat' dir='ltr'><strong>sed</strong></span> <span class='ocrx_word' id='word_1_345' title='bbox 1310 3057 1433 3118; x_wconf 84' lang='lat' dir='ltr'><strong>quaque</strong></span> <span class='ocrx_word' id='word_1_346' title='bbox 1465 3055 1515 3102; x_wconf 90' lang='lat' dir='ltr'><strong>ore</strong></span> <span class='ocrx_word' id='word_1_347' title='bbox 1541 3037 1723 3101; x_wconf 80' lang='grc'><strong>4444444444</strong></span> 
     </span>
     <span class='ocr_line' id='line_1_33' title="bbox 252 3130 1571 3212; baseline 0 -20"><span class='ocrx_word' id='word_1_348' title='bbox 252 3135 370 3205; x_wconf 78' lang='lat' dir='ltr'><strong>arianus,</strong></span> <span class='ocrx_word' id='word_1_349' title='bbox 395 3135 474 3193; x_wconf 85' lang='lat' dir='ltr'><strong>circa</strong></span> <span class='ocrx_word' id='word_1_350' title='bbox 495 3130 619 3193; x_wconf 83' lang='lat' dir='ltr'><strong>Annum</strong></span> <span class='ocrx_word' id='word_1_351' title='bbox 646 3131 720 3193; x_wconf 83' lang='grc'><strong>4384</strong></span> <span class='ocrx_word' id='word_1_352' title='bbox 741 3131 857 3212; x_wconf 89' lang='lat' dir='ltr'><strong>dequo</strong></span> <span class='ocrx_word' id='word_1_353' title='bbox 879 3149 972 3211; x_wconf 89' lang='lat' dir='ltr'><strong>supra</strong></span> <span class='ocrx_word' id='word_1_354' title='bbox 1025 3141 1104 3204; x_wconf 81' lang='lat' dir='ltr'><strong>esse,</strong></span> <span class='ocrx_word' id='word_1_355' title='bbox 1122 3131 1202 3210; x_wconf 88' lang='lat' dir='ltr'><strong>quod</strong></span> <span class='ocrx_word' id='word_1_356' title='bbox 1220 3133 1269 3194; x_wconf 87' lang='lat' dir='ltr'><strong>ille</strong></span> <span class='ocrx_word' id='word_1_357' title='bbox 1288 3133 1385 3194; x_wconf 86' lang='lat' dir='ltr'><strong>lacere</strong></span> <span class='ocrx_word' id='word_1_358' title='bbox 1402 3139 1571 3212; x_wconf 80' lang='lat' dir='ltr'><strong>negaverat.</strong></span> 
     </span>
     <span class='ocr_line' id='line_1_34' title="bbox 251 3223 1724 3308; baseline -0.002 -22"><span class='ocrx_word' id='word_1_359' title='bbox 251 3231 323 3286; x_wconf 92' lang='lat' dir='ltr'><strong>tam.</strong></span> <span class='ocrx_word' id='word_1_360' title='bbox 342 3225 360 3286; x_wconf 83' lang='grc'><strong>3</strong></span> <span class='ocrx_word' id='word_1_361' title='bbox 379 3241 445 3308; x_wconf 89' lang='lat' dir='ltr'><strong>pag.</strong></span> <span class='ocrx_word' id='word_1_362' title='bbox 460 3225 528 3288; x_wconf 74' lang='grc'><strong>448.</strong></span> <span class='ocrx_word' id='word_1_363' title='bbox 546 3225 622 3286; x_wconf 80' lang='lat' dir='ltr'><strong>Vide</strong></span> <span class='ocrx_word' id='word_1_364' title='bbox 648 3227 740 3286; x_wconf 86' lang='lat' dir='ltr'><strong>etiam</strong></span> <span class='ocrx_word' id='word_1_365' title='bbox 762 3227 973 3304; x_wconf 73' lang='lat' dir='ltr'><strong>possevinum,</strong></span> <span class='ocrx_word' id='word_1_366' title='bbox 1064 3224 1085 3262; x_wconf 72' lang='lat'>¹</span> <span class='ocrx_word' id='word_1_367' title='bbox 1103 3223 1275 3288; x_wconf 75' lang='lat' dir='ltr'><strong>tubantis</strong></span> <span class='ocrx_word' id='word_1_368' title='bbox 1294 3223 1492 3304; x_wconf 80' lang='lat' dir='ltr'><strong>Hispalensis.</strong></span> <span class='ocrx_word' id='word_1_369' title='bbox 1520 3227 1585 3288; x_wconf 82' lang='lat' dir='ltr'><strong>Fuit</strong></span> <span class='ocrx_word' id='word_1_370' title='bbox 1607 3231 1637 3284; x_wconf 90' lang='lat' dir='ltr'><strong>et</strong></span> <span class='ocrx_word' id='word_1_371' title='bbox 1651 3225 1724 3285; x_wconf 79' lang='lat' dir='ltr'><strong>&#39;alter</strong></span> 
     </span>
     <span class='ocr_line' id='line_1_35' title="bbox 251 3318 1722 3400; baseline -0.005 -20"><span class='ocrx_word' id='word_1_372' title='bbox 251 3321 384 3382; x_wconf 86' lang='lat' dir='ltr'><strong>Pttseum</strong></span> <span class='ocrx_word' id='word_1_373' title='bbox 401 3337 430 3400; x_wconf 93' lang='lat' dir='ltr'><strong>p.</strong></span> <span class='ocrx_word' id='word_1_374' title='bbox 449 3319 508 3381; x_wconf 87' lang='grc'><strong>534</strong></span> <span class='ocrx_word' id='word_1_375' title='bbox 522 3336 586 3399; x_wconf 83' lang='lat' dir='ltr'><strong>seq.</strong></span> <span class='ocrx_word' id='word_1_376' title='bbox 601 3319 736 3381; x_wconf 86' lang='lat' dir='ltr'><strong>Elssium</strong></span> <span class='ocrx_word' id='word_1_377' title='bbox 760 3321 789 3380; x_wconf 90' lang='lat' dir='ltr'><strong>in</strong></span> <span class='ocrx_word' id='word_1_378' title='bbox 812 3321 973 3383; x_wconf 89' lang='lat' dir='ltr'><strong>Enccmia-</strong></span> <span class='ocrx_word' id='word_1_379' title='bbox 1026 3319 1159 3378; x_wconf 86' lang='grc'><strong>44444444</strong></span> <span class='ocrx_word' id='word_1_380' title='bbox 1177 3321 1287 3380; x_wconf 87' lang='lat' dir='ltr'><strong>aetatis</strong></span> <span class='ocrx_word' id='word_1_381' title='bbox 1300 3323 1332 3380; x_wconf 89' lang='lat' dir='ltr'><strong>et</strong></span> <span class='ocrx_word' id='word_1_382' title='bbox 1344 3318 1523 3380; x_wconf 87' lang='lat' dir='ltr'><strong>conditionis</strong></span> <span class='ocrx_word' id='word_1_383' title='bbox 1539 3319 1660 3380; x_wconf 83' lang='grc'><strong>4444444</strong></span> <span class='ocrx_word' id='word_1_384' title='bbox 1678 3321 1722 3392; x_wconf 85' lang='lat' dir='ltr'><strong>qai</strong></span> 
     </span>
     <span class='ocr_line' id='line_1_36' title="bbox 254 3403 1721 3494; baseline -0.005 -20"><span class='ocrx_word' id='word_1_385' title='bbox 254 3414 329 3474; x_wconf 88' lang='lat' dir='ltr'><strong>stica</strong></span> <span class='ocrx_word' id='word_1_386' title='bbox 349 3411 570 3491; x_wconf 77' lang='lat' dir='ltr'><strong>Augustiniano</strong></span> <span class='ocrx_word' id='word_1_387' title='bbox 587 3428 654 3494; x_wconf 88' lang='lat' dir='ltr'><strong>pag.</strong></span> <span class='ocrx_word' id='word_1_388' title='bbox 669 3413 739 3474; x_wconf 83' lang='grc'><strong>384.</strong></span> <span class='ocrx_word' id='word_1_389' title='bbox 810 3403 815 3410; x_wconf 80' lang='grc'><strong>’</strong></span> <span class='ocrx_word' id='word_1_390' title='bbox 1026 3419 1106 3473; x_wconf 88' lang='lat' dir='ltr'><strong>teste</strong></span> <span class='ocrx_word' id='word_1_391' title='bbox 1127 3411 1340 3474; x_wconf 78' lang='lat' dir='ltr'><strong>Nio.·dntoaio</strong></span> <span class='ocrx_word' id='word_1_392' title='bbox 1369 3410 1443 3473; x_wconf 85' lang='grc'><strong>444444.</strong></span> <span class='ocrx_word' id='word_1_393' title='bbox 1472 3413 1588 3492; x_wconf 88' lang='lat' dir='ltr'><strong>llispan.</strong></span> <span class='ocrx_word' id='word_1_394' title='bbox 1612 3411 1721 3486; x_wconf 82' lang='lat' dir='ltr'><strong>antiqua</strong></span> 
     </span>
     <span class='ocr_line' id='line_1_37' title="bbox 292 3501 1721 3586; baseline -0.005 -21"><span class='ocrx_word' id='word_1_395' title='bbox 292 3504 465 3568; x_wconf 80' lang='lat' dir='ltr'><strong>lObNNES</strong></span> <span class='ocrx_word' id='word_1_396' title='bbox 489 3505 526 3568; x_wconf 86' lang='lat' dir='ltr'><strong>de</strong></span> <span class='ocrx_word' id='word_1_397' title='bbox 550 3504 631 3568; x_wconf 78' lang='lat' dir='ltr'><strong>nida</strong></span> <span class='ocrx_word' id='word_1_398' title='bbox 661 3507 728 3566; x_wconf 86' lang='lat' dir='ltr'><strong>siva</strong></span> <span class='ocrx_word' id='word_1_399' title='bbox 753 3503 852 3586; x_wconf 80' lang='lat' dir='ltr'><strong>Hydri,</strong></span> <span class='ocrx_word' id='word_1_400' title='bbox 873 3509 974 3568; x_wconf 85' lang='grc'><strong>44444·</strong></span> <span class='ocrx_word' id='word_1_401' title='bbox 1026 3513 1098 3568; x_wconf 88' lang='lat' dir='ltr'><strong>torn.</strong></span> <span class='ocrx_word' id='word_1_402' title='bbox 1120 3507 1149 3580; x_wconf 89' lang='lat' dir='ltr'><strong>t,</strong></span> <span class='ocrx_word' id='word_1_403' title='bbox 1171 3503 1239 3566; x_wconf 85' lang='grc'><strong>444.</strong></span> <span class='ocrx_word' id='word_1_404' title='bbox 1262 3505 1291 3566; x_wconf 88' lang='lat' dir='ltr'><strong>ia</strong></span> <span class='ocrx_word' id='word_1_405' title='bbox 1315 3504 1472 3566; x_wconf 80' lang='lat' dir='ltr'><strong>vertendis</strong></span> <span class='ocrx_word' id='word_1_406' title='bbox 1492 3521 1529 3566; x_wconf 82' lang='lat' dir='ltr'><strong>ex</strong></span> <span class='ocrx_word' id='word_1_407' title='bbox 1549 3502 1664 3564; x_wconf 75' lang='lat' dir='ltr'><strong>Arabico</strong></span> <span class='ocrx_word' id='word_1_408' title='bbox 1694 3501 1721 3558; x_wconf 92' lang='lat' dir='ltr'><strong>in</strong></span> 
     </span>
     <span class='ocr_line' id='line_1_38' title="bbox 254 3593 1723 3678; baseline -0.005 -18"><span class='ocrx_word' id='word_1_409' title='bbox 254 3599 332 3660; x_wconf 90' lang='lat' dir='ltr'><strong>cbus</strong></span> <span class='ocrx_word' id='word_1_410' title='bbox 360 3597 581 3663; x_wconf 79' lang='lat' dir='ltr'><strong>wintoniensis</strong></span> <span class='ocrx_word' id='word_1_411' title='bbox 604 3597 721 3678; x_wconf 83' lang='lat' dir='ltr'><strong>Augias</strong></span> <span class='ocrx_word' id='word_1_412' title='bbox 750 3599 973 3662; x_wconf 76' lang='lat' dir='ltr'><strong>almasanum</strong></span> <span class='ocrx_word' id='word_1_413' title='bbox 1027 3600 1166 3660; x_wconf 88' lang='lat' dir='ltr'><strong>Latinum</strong></span> <span class='ocrx_word' id='word_1_414' title='bbox 1198 3597 1333 3659; x_wconf 77' lang='lat' dir='ltr'><strong>Arabicis</strong></span> <span class='ocrx_word' id='word_1_415' title='bbox 1366 3601 1494 3659; x_wconf 86' lang='lat' dir='ltr'><strong>maxime</strong></span> <span class='ocrx_word' id='word_1_416' title='bbox 1526 3593 1723 3658; x_wconf 74' lang='lat' dir='ltr'><strong>teramnae</strong></span> 
     </span>
     <span class='ocr_line' id='line_1_39' title="bbox 254 3688 1724 3771; baseline -0.005 -19"><span class='ocrx_word' id='word_1_417' title='bbox 254 3689 332 3752; x_wconf 74' lang='grc'><strong>4484</strong></span> <span class='ocrx_word' id='word_1_418' title='bbox 344 3691 382 3752; x_wconf 83' lang='grc'><strong>44</strong></span> <span class='ocrx_word' id='word_1_419' title='bbox 396 3707 456 3769; x_wconf 88' lang='lat' dir='ltr'><strong>qno</strong></span> <span class='ocrx_word' id='word_1_420' title='bbox 472 3691 628 3752; x_wconf 85' lang='lat' dir='ltr'><strong>Baleuslll</strong></span> <span class='ocrx_word' id='word_1_421' title='bbox 638 3691 678 3751; x_wconf 80' lang='lat'><strong>⁷5</strong></span> <span class='ocrx_word' id='word_1_422' title='bbox 692 3698 724 3751; x_wconf 88' lang='lat' dir='ltr'><strong>et</strong></span> <span class='ocrx_word' id='word_1_423' title='bbox 736 3693 857 3753; x_wconf 81' lang='lat' dir='ltr'><strong>l&#39;itseus</strong></span> <span class='ocrx_word' id='word_1_424' title='bbox 871 3692 974 3771; x_wconf 66' lang='grc'><strong>44344.</strong></span> <span class='ocrx_word' id='word_1_425' title='bbox 1028 3691 1113 3752; x_wconf 91' lang='lat' dir='ltr'><strong>libris</strong></span> <span class='ocrx_word' id='word_1_426' title='bbox 1134 3705 1257 3770; x_wconf 87' lang='lat' dir='ltr'><strong>operam</strong></span> <span class='ocrx_word' id='word_1_427' title='bbox 1278 3707 1365 3753; x_wconf 88' lang='lat' dir='ltr'><strong>suam</strong></span> <span class='ocrx_word' id='word_1_428' title='bbox 1386 3689 1538 3770; x_wconf 87' lang='lat' dir='ltr'><strong>impendit.</strong></span> <span class='ocrx_word' id='word_1_429' title='bbox 1567 3688 1637 3750; x_wconf 84' lang='lat' dir='ltr'><strong>liide</strong></span> <span class='ocrx_word' id='word_1_430' title='bbox 1658 3703 1724 3747; x_wconf 90' lang='lat' dir='ltr'><strong>eua-</strong></span> 
     </span>
     <span class='ocr_line' id='line_1_40' title="bbox 256 3773 1723 3864; baseline 0.004 -20"><span class='ocrx_word' id='word_1_431' title='bbox 256 3783 382 3863; x_wconf 87' lang='lat' dir='ltr'><strong>Seripsit</strong></span> <span class='ocrx_word' id='word_1_432' title='bbox 399 3783 493 3846; x_wconf 83' lang='lat' dir='ltr'><strong>uitam</strong></span> <span class='ocrx_word' id='word_1_433' title='bbox 510 3783 655 3862; x_wconf 67' lang='lat' dir='ltr'><strong>patientta</strong></span> <span class='ocrx_word' id='word_1_434' title='bbox 671 3779 747 3859; x_wconf 80' lang='grc'><strong>4444,</strong></span> <span class='ocrx_word' id='word_1_435' title='bbox 768 3790 799 3844; x_wconf 89' lang='lat' dir='ltr'><strong>et</strong></span> <span class='ocrx_word' id='word_1_436' title='bbox 819 3783 974 3847; x_wconf 80' lang='grc'><strong>4444444444.</strong></span> <span class='ocrx_word' id='word_1_437' title='bbox 1028 3785 1098 3846; x_wconf 85' lang='lat' dir='ltr'><strong>dem</strong></span> <span class='ocrx_word' id='word_1_438' title='bbox 1131 3785 1307 3864; x_wconf 88' lang='lat' dir='ltr'><strong>scriptorem</strong></span> <span class='ocrx_word' id='word_1_439' title='bbox 1334 3783 1404 3846; x_wconf 86' lang='lat' dir='ltr'><strong>ibid.</strong></span> <span class='ocrx_word' id='word_1_440' title='bbox 1429 3773 1499 3845; x_wconf 85' lang='lat' dir='ltr'><strong>tom.</strong></span> <span class='ocrx_word' id='word_1_441' title='bbox 1526 3785 1545 3844; x_wconf 76' lang='lat'><em>2</em></span> <span class='ocrx_word' id='word_1_442' title='bbox 1570 3781 1632 3844; x_wconf 78' lang='grc'><strong>444.</strong></span> <span class='ocrx_word' id='word_1_443' title='bbox 1650 3777 1723 3850; x_wconf 69' lang='grc'><strong>04444</strong></span> 
     </span>
     <span class='ocr_line' id='line_1_41' title="bbox 291 3873 1718 3958; baseline 0.005 -21"><span class='ocrx_word' id='word_1_444' title='bbox 291 3875 464 3939; x_wconf 77' lang='lat' dir='ltr'><strong>tatanus</strong></span> <span class='ocrx_word' id='word_1_445' title='bbox 496 3874 764 3958; x_wconf 75' lang='lat' dir='ltr'><strong>Hierosolymitam&#39;</strong></span> <span class='ocrx_word' id='word_1_446' title='bbox 791 3877 912 3957; x_wconf 93' lang='lat' dir='ltr'><strong>postilla</strong></span> <span class='ocrx_word' id='word_1_447' title='bbox 942 3879 974 3940; x_wconf 84' lang='grc'><strong>44</strong></span> <span class='ocrx_word' id='word_1_448' title='bbox 1027 3895 1100 3943; x_wconf 88' lang='grc'><strong>4444</strong></span> <span class='ocrx_word' id='word_1_449' title='bbox 1120 3879 1160 3942; x_wconf 84' lang='lat' dir='ltr'><strong>ibt</strong></span> <span class='ocrx_word' id='word_1_450' title='bbox 1178 3881 1224 3940; x_wconf 90' lang='grc'><strong>444</strong></span> <span class='ocrx_word' id='word_1_451' title='bbox 1243 3877 1281 3940; x_wconf 88' lang='lat' dir='ltr'><strong>da</strong></span> <span class='ocrx_word' id='word_1_452' title='bbox 1303 3878 1441 3940; x_wconf 86' lang='grc'><strong>44444444</strong></span> <span class='ocrx_word' id='word_1_453' title='bbox 1458 3877 1557 3956; x_wconf 86' lang='lat' dir='ltr'><strong>aperis</strong></span> <span class='ocrx_word' id='word_1_454' title='bbox 1571 3873 1718 3951; x_wconf 71' lang='grc'><strong>4444444444</strong></span> 
     </span>
     <span class='ocr_line' id='line_1_42' title="bbox 253 3964 1720 4052; baseline -0.005 -21"><span class='ocrx_word' id='word_1_455' title='bbox 253 3969 418 4052; x_wconf 69' lang='grc'><strong>4444444444</strong></span> <span class='ocrx_word' id='word_1_456' title='bbox 437 3969 479 4032; x_wconf 89' lang='lat' dir='ltr'><strong>ad</strong></span> <span class='ocrx_word' id='word_1_457' title='bbox 503 3971 609 4048; x_wconf 82' lang='lat' dir='ltr'><strong>Titum,</strong></span> <span class='ocrx_word' id='word_1_458' title='bbox 630 3971 681 4033; x_wconf 83' lang='lat' dir='ltr'><strong>trs</strong></span> <span class='ocrx_word' id='word_1_459' title='bbox 700 3972 835 4033; x_wconf 85' lang='lat' dir='ltr'><strong>venetiis</strong></span> <span class='ocrx_word' id='word_1_460' title='bbox 852 3975 882 4032; x_wconf 93' lang='lat' dir='ltr'><strong>in</strong></span> <span class='ocrx_word' id='word_1_461' title='bbox 899 3971 971 4033; x_wconf 85' lang='lat' dir='ltr'><strong>Bibl.</strong></span> <span class='ocrx_word' id='word_1_462' title='bbox 1026 3989 1117 4051; x_wconf 84' lang='lat' dir='ltr'><strong>qnam</strong></span> <span class='ocrx_word' id='word_1_463' title='bbox 1131 3974 1406 4050; x_wconf 77' lang='lat' dir='ltr'><strong>versionemputat</strong></span> <span class='ocrx_word' id='word_1_464' title='bbox 1424 3970 1473 4030; x_wconf 89' lang='lat' dir='ltr'><strong>ille</strong></span> <span class='ocrx_word' id='word_1_465' title='bbox 1490 3971 1673 4030; x_wconf 77' lang='grc'><strong>4444444444</strong></span> <span class='ocrx_word' id='word_1_466' title='bbox 1687 3964 1720 4024; x_wconf 89' lang='lat' dir='ltr'><strong>de</strong></span> 
     </span>
     <span class='ocr_line' id='line_1_43' title="bbox 252 4055 1721 4145; baseline -0.008 -20"><span class='ocrx_word' id='word_1_467' title='bbox 252 4062 304 4125; x_wconf 88' lang='lat' dir='ltr'><strong>SS.</strong></span> <span class='ocrx_word' id='word_1_468' title='bbox 316 4065 442 4126; x_wconf 85' lang='lat' dir='ltr'><strong>Jaannis</strong></span> <span class='ocrx_word' id='word_1_469' title='bbox 458 4070 490 4124; x_wconf 91' lang='lat' dir='ltr'><strong>et</strong></span> <span class='ocrx_word' id='word_1_470' title='bbox 507 4065 599 4139; x_wconf 88' lang='lat' dir='ltr'><strong>Pauli,</strong></span> <span class='ocrx_word' id='word_1_471' title='bbox 612 4071 691 4126; x_wconf 88' lang='lat' dir='ltr'><strong>teste</strong></span> <span class='ocrx_word' id='word_1_472' title='bbox 708 4067 868 4126; x_wconf 78' lang='lat' dir='ltr'><strong>lemosina</strong></span> <span class='ocrx_word' id='word_1_473' title='bbox 879 4083 909 4145; x_wconf 94' lang='lat' dir='ltr'><strong>p.</strong></span> <span class='ocrx_word' id='word_1_474' title='bbox 924 4065 973 4127; x_wconf 77' lang='grc'><strong>44.</strong></span> <span class='ocrx_word' id='word_1_475' title='bbox 1024 4067 1186 4126; x_wconf 83' lang='grc'><strong>4444444444</strong></span> <span class='ocrx_word' id='word_1_476' title='bbox 1215 4065 1427 4125; x_wconf 86' lang='lat' dir='ltr'><strong>astronomicis</strong></span> <span class='ocrx_word' id='word_1_477' title='bbox 1448 4061 1598 4136; x_wconf 72' lang='lat' dir='ltr'><strong>eiusdem,</strong></span> <span class='ocrx_word' id='word_1_478' title='bbox 1617 4055 1721 4118; x_wconf 87' lang='lat' dir='ltr'><strong>veritati</strong></span> 
     </span>
     <span class='ocr_line' id='line_1_44' title="bbox 290 4149 1721 4238; baseline -0.001 -20"><span class='ocrx_word' id='word_1_479' title='bbox 290 4155 460 4220; x_wconf 80' lang='grc' dir='ltr'><strong>4044444Εὸ</strong></span> <span class='ocrx_word' id='word_1_480' title='bbox 475 4155 727 4220; x_wconf 81' lang='lat' dir='ltr'><strong>Hildesdemcam&#39;s</strong></span> <span class='ocrx_word' id='word_1_481' title='bbox 744 4159 833 4232; x_wconf 81' lang='lat' dir='ltr'><strong>Saxa,</strong></span> <span class='ocrx_word' id='word_1_482' title='bbox 849 4159 972 4220; x_wconf 76' lang='lat' dir='ltr'><strong>Carme</strong></span> <span class='ocrx_word' id='word_1_483' title='bbox 1026 4163 1083 4220; x_wconf 89' lang='lat' dir='ltr'><strong>ista</strong></span> <span class='ocrx_word' id='word_1_484' title='bbox 1110 4157 1232 4238; x_wconf 87' lang='lat' dir='ltr'><strong>quidem</strong></span> <span class='ocrx_word' id='word_1_485' title='bbox 1255 4163 1434 4236; x_wconf 88' lang='lat' dir='ltr'><strong>congruunt.</strong></span> <span class='ocrx_word' id='word_1_486' title='bbox 1465 4157 1556 4220; x_wconf 82' lang='lat' dir='ltr'><strong>Extat</strong></span> <span class='ocrx_word' id='word_1_487' title='bbox 1580 4149 1652 4234; x_wconf 88' lang='lat' dir='ltr'><strong>apud</strong></span> <span class='ocrx_word' id='word_1_488' title='bbox 1680 4165 1721 4209; x_wconf 76' lang='lat' dir='ltr'><strong>me</strong></span> 
     </span>
     <span class='ocr_line' id='line_1_45' title="bbox 251 4241 1721 4331; baseline -0.003 -19"><span class='ocrx_word' id='word_1_489' title='bbox 251 4253 304 4314; x_wconf 79' lang='lat' dir='ltr'><strong>lita</strong></span> <span class='ocrx_word' id='word_1_490' title='bbox 321 4253 400 4313; x_wconf 88' lang='lat' dir='ltr'><strong>circa</strong></span> <span class='ocrx_word' id='word_1_491' title='bbox 410 4251 535 4313; x_wconf 80' lang='lat' dir='ltr'><strong>Annum</strong></span> <span class='ocrx_word' id='word_1_492' title='bbox 551 4251 628 4313; x_wconf 83' lang='lat' dir='ltr'><strong>tara</strong></span> <span class='ocrx_word' id='word_1_493' title='bbox 641 4251 799 4313; x_wconf 77' lang='lat' dir='ltr'><strong>Ascalone</strong></span> <span class='ocrx_word' id='word_1_494' title='bbox 815 4251 972 4312; x_wconf 77' lang='lat' dir='ltr'><strong>familiaris</strong></span> <span class='ocrx_word' id='word_1_495' title='bbox 1024 4245 1100 4331; x_wconf 84' lang='lat' dir='ltr'><strong>opus</strong></span> <span class='ocrx_word' id='word_1_496' title='bbox 1122 4249 1194 4317; x_wconf 87' lang='lat' dir='ltr'><strong>illud</strong></span> <span class='ocrx_word' id='word_1_497' title='bbox 1217 4269 1255 4314; x_wconf 82' lang='lat' dir='ltr'><strong>ex</strong></span> <span class='ocrx_word' id='word_1_498' title='bbox 1278 4252 1416 4315; x_wconf 84' lang='lat' dir='ltr'><strong>versione</strong></span> <span class='ocrx_word' id='word_1_499' title='bbox 1444 4248 1564 4312; x_wconf 83' lang='lat' dir='ltr'><strong>loannis</strong></span> <span class='ocrx_word' id='word_1_500' title='bbox 1583 4241 1721 4321; x_wconf 72' lang='lat' dir='ltr'><strong>llispden</strong></span> 
     </span>
     <span class='ocr_line' id='line_1_46' title="bbox 250 4331 1722 4424; baseline -0.01 -18"><span class='ocrx_word' id='word_1_501' title='bbox 250 4345 338 4406; x_wconf 87' lang='lat' dir='ltr'><strong>Petro</strong></span> <span class='ocrx_word' id='word_1_502' title='bbox 369 4345 525 4421; x_wconf 79' lang='lat' dir='ltr'><strong>Thomas,</strong></span> <span class='ocrx_word' id='word_1_503' title='bbox 548 4343 786 4406; x_wconf 76' lang='lat' dir='ltr'><strong>&#39;carmelitarum</strong></span> <span class='ocrx_word' id='word_1_504' title='bbox 821 4343 970 4405; x_wconf 85' lang='lat' dir='ltr'><strong>Generali.</strong></span> <span class='ocrx_word' id='word_1_505' title='bbox 1024 4347 1067 4406; x_wconf 87' lang='lat' dir='ltr'><strong>sis</strong></span> <span class='ocrx_word' id='word_1_506' title='bbox 1081 4343 1118 4406; x_wconf 92' lang='lat' dir='ltr'><strong>ad</strong></span> <span class='ocrx_word' id='word_1_507' title='bbox 1135 4351 1346 4424; x_wconf 87' lang='lat' dir='ltr'><strong>pervetustum</strong></span> <span class='ocrx_word' id='word_1_508' title='bbox 1368 4341 1504 4403; x_wconf 88' lang='lat' dir='ltr'><strong>codicem</strong></span> <span class='ocrx_word' id='word_1_509' title='bbox 1520 4342 1654 4415; x_wconf 87' lang='lat' dir='ltr'><strong>castigate</strong></span> <span class='ocrx_word' id='word_1_510' title='bbox 1667 4331 1722 4393; x_wconf 89' lang='lat' dir='ltr'><strong>edi-</strong></span> 
     </span>
     <span class='ocr_line' id='line_1_47' title="bbox 253 4425 1722 4516; baseline -0.01 -19"><span class='ocrx_word' id='word_1_511' title='bbox 253 4435 378 4516; x_wconf 88' lang='lat' dir='ltr'><strong>Scripsit</strong></span> <span class='ocrx_word' id='word_1_512' title='bbox 394 4437 431 4499; x_wconf 88' lang='lat' dir='ltr'><strong>ad</strong></span> <span class='ocrx_word' id='word_1_513' title='bbox 450 4438 656 4499; x_wconf 84' lang='lat' dir='ltr'><strong>Florentinum</strong></span> <span class='ocrx_word' id='word_1_514' title='bbox 682 4436 720 4497; x_wconf 88' lang='lat' dir='ltr'><strong>dc</strong></span> <span class='ocrx_word' id='word_1_515' title='bbox 741 4435 970 4512; x_wconf 83' lang='lat' dir='ltr'><strong>Wewcllroven,</strong></span> <span class='ocrx_word' id='word_1_516' title='bbox 1023 4443 1090 4500; x_wconf 89' lang='lat' dir='ltr'><strong>tum</strong></span> <span class='ocrx_word' id='word_1_517' title='bbox 1107 4437 1229 4499; x_wconf 88' lang='lat' dir='ltr'><strong>Parisiis</strong></span> <span class='ocrx_word' id='word_1_518' title='bbox 1244 4439 1275 4496; x_wconf 92' lang='lat' dir='ltr'><strong>in</strong></span> <span class='ocrx_word' id='word_1_519' title='bbox 1292 4435 1313 4496; x_wconf 93' lang='grc'><strong>8</strong></span> <span class='ocrx_word' id='word_1_520' title='bbox 1330 4451 1379 4497; x_wconf 89' lang='grc'><strong>44.</strong></span> <span class='ocrx_word' id='word_1_521' title='bbox 1399 4435 1484 4496; x_wconf 84' lang='grc'><strong>4546.</strong></span> <span class='ocrx_word' id='word_1_522' title='bbox 1497 4431 1539 4494; x_wconf 85' lang='lat' dir='ltr'><strong>De</strong></span> <span class='ocrx_word' id='word_1_523' title='bbox 1551 4429 1668 4494; x_wconf 81' lang='lat' dir='ltr'><strong>casuris</strong></span> <span class='ocrx_word' id='word_1_524' title='bbox 1684 4425 1722 4484; x_wconf 91' lang='lat' dir='ltr'><strong>ai·</strong></span> 
     </span>
     <span class='ocr_line' id='line_1_48' title="bbox 250 4527 1551 4610; baseline -0.002 -23"><span class='ocrx_word' id='word_1_525' title='bbox 250 4527 432 4607; x_wconf 82' lang='lat' dir='ltr'><strong>Episcopum</strong></span> <span class='ocrx_word' id='word_1_526' title='bbox 450 4531 488 4592; x_wconf 88' lang='lat' dir='ltr'><strong>ab</strong></span> <span class='ocrx_word' id='word_1_527' title='bbox 502 4530 539 4593; x_wconf 85' lang='grc' dir='ltr'><strong>Α.</strong></span> <span class='ocrx_word' id='word_1_528' title='bbox 558 4529 636 4592; x_wconf 78' lang='grc'><strong>4374</strong></span> <span class='ocrx_word' id='word_1_529' title='bbox 653 4527 690 4590; x_wconf 88' lang='grc'><strong>44</strong></span> <span class='ocrx_word' id='word_1_530' title='bbox 717 4527 804 4591; x_wconf 88' lang='grc'><strong>4378.</strong></span> <span class='ocrx_word' id='word_1_531' title='bbox 823 4532 972 4592; x_wconf 87' lang='grc'><strong>44444444-</strong></span> <span class='ocrx_word' id='word_1_532' title='bbox 1024 4531 1065 4592; x_wconf 92' lang='lat' dir='ltr'><strong>bil</strong></span> <span class='ocrx_word' id='word_1_533' title='bbox 1085 4530 1175 4592; x_wconf 88' lang='lat' dir='ltr'><strong>modo</strong></span> <span class='ocrx_word' id='word_1_534' title='bbox 1190 4530 1270 4610; x_wconf 88' lang='lat' dir='ltr'><strong>quad</strong></span> <span class='ocrx_word' id='word_1_535' title='bbox 1290 4528 1398 4592; x_wconf 90' lang='lat' dir='ltr'><strong>addam</strong></span> <span class='ocrx_word' id='word_1_536' title='bbox 1416 4528 1551 4590; x_wconf 89' lang='lat' dir='ltr'><strong>occurrit.</strong></span> 
     </span>
     <span class='ocr_line' id='line_1_49' title="bbox 250 4615 1719 4704; baseline -0.005 -27"><span class='ocrx_word' id='word_1_537' title='bbox 250 4619 392 4696; x_wconf 83' lang='lat' dir='ltr'><strong>riensern,</strong></span> <span class='ocrx_word' id='word_1_538' title='bbox 419 4623 564 4684; x_wconf 80' lang='lat' dir='ltr'><strong>volumen</strong></span> <span class='ocrx_word' id='word_1_539' title='bbox 592 4623 745 4701; x_wconf 89' lang='lat' dir='ltr'><strong>capitibus</strong></span> <span class='ocrx_word' id='word_1_540' title='bbox 776 4623 877 4700; x_wconf 78' lang='lat' dir='ltr'><strong>XLVI,</strong></span> <span class='ocrx_word' id='word_1_541' title='bbox 899 4641 970 4685; x_wconf 92' lang='lat' dir='ltr'><strong>oon·</strong></span> <span class='ocrx_word' id='word_1_542' title='bbox 1042 4623 1212 4686; x_wconf 76' lang='lat' dir='ltr'><strong>solantis</strong></span> <span class='ocrx_word' id='word_1_543' title='bbox 1222 4621 1382 4704; x_wconf 72' lang='lat' dir='ltr'><strong>sapsam,</strong></span> <span class='ocrx_word' id='word_1_544' title='bbox 1393 4621 1480 4700; x_wconf 70' lang='lat' dir='ltr'><strong>cuias</strong></span> <span class='ocrx_word' id='word_1_545' title='bbox 1490 4615 1719 4682; x_wconf 89' lang='lat' dir='ltr'><strong>commentarium</strong></span> 
     </span>
     <span class='ocr_line' id='line_1_50' title="bbox 252 4703 1720 4798; baseline -0.001 -29"><span class='ocrx_word' id='word_1_546' title='bbox 252 4715 338 4770; x_wconf 90' lang='lat' dir='ltr'><strong>stans</strong></span> <span class='ocrx_word' id='word_1_547' title='bbox 354 4709 390 4773; x_wconf 85' lang='lat' dir='ltr'><strong>de</strong></span> <span class='ocrx_word' id='word_1_548' title='bbox 405 4711 503 4777; x_wconf 83' lang='lat' dir='ltr'><strong>tribas</strong></span> <span class='ocrx_word' id='word_1_549' title='bbox 518 4715 631 4778; x_wconf 84' lang='grc'><strong>44444444</strong></span> <span class='ocrx_word' id='word_1_550' title='bbox 647 4713 785 4796; x_wconf 75' lang='grc'><strong>44494444,</strong></span> <span class='ocrx_word' id='word_1_551' title='bbox 803 4735 970 4798; x_wconf 86' lang='lat' dir='ltr'><strong>earumque</strong></span> <span class='ocrx_word' id='word_1_552' title='bbox 1024 4719 1053 4780; x_wconf 89' lang='lat' dir='ltr'><strong>in</strong></span> <span class='ocrx_word' id='word_1_553' title='bbox 1079 4703 1253 4778; x_wconf 84' lang='lat' dir='ltr'><strong>lleerotalcs</strong></span> <span class='ocrx_word' id='word_1_554' title='bbox 1274 4717 1393 4778; x_wconf 86' lang='grc'><strong>44844444</strong></span> <span class='ocrx_word' id='word_1_555' title='bbox 1425 4713 1538 4778; x_wconf 85' lang='lat' dir='ltr'><strong>evolvit</strong></span> <span class='ocrx_word' id='word_1_556' title='bbox 1557 4709 1678 4788; x_wconf 85' lang='lat' dir='ltr'><strong>Congius</strong></span> <span class='ocrx_word' id='word_1_557' title='bbox 1697 4703 1720 4762; x_wconf 84' lang='lat' dir='ltr'><strong>itt</strong></span> 
     </span>
     <span class='ocr_line' id='line_1_51' title="bbox 224 4801 1421 4881; baseline 0.008 -21"><span class='ocrx_word' id='word_1_558' title='bbox 224 4801 388 4881; x_wconf 84' lang='lat' dir='ltr'><strong>·reliquiis</strong></span> <span class='ocrx_word' id='word_1_559' title='bbox 421 4809 577 4870; x_wconf 82' lang='grc'><strong>4444444444</strong></span> <span class='ocrx_word' id='word_1_560' title='bbox 604 4809 780 4872; x_wconf 83' lang='lat' dir='ltr'><strong>Coloniam:</strong></span> <span class='ocrx_word' id='word_1_561' title='bbox 814 4810 971 4874; x_wconf 90' lang='lat' dir='ltr'><strong>Editiones</strong></span> <span class='ocrx_word' id='word_1_562' title='bbox 1022 4809 1131 4874; x_wconf 85' lang='lat' dir='ltr'><strong>Codice</strong></span> <span class='ocrx_word' id='word_1_563' title='bbox 1154 4809 1282 4871; x_wconf 77' lang='lat' dir='ltr'><strong>&#39;l&#39;buano</strong></span> <span class='ocrx_word' id='word_1_564' title='bbox 1303 4807 1421 4874; x_wconf 81' lang='lat' dir='ltr'><strong>clxii.</strong></span> 
     </span>
    </p>
   </div>
   <div class='ocr_carea' id='block_1_5' title="bbox 0 0 1803 5610">
    <p class='ocr_par' dir='ltr' id='par_1_6' title="bbox 0 0 1803 5610">
     <span class='ocr_line' id='line_1_52' title="bbox 0 0 1803 5610; baseline 0 0"><span class='ocrx_word' id='word_1_565' title='bbox 0 0 1803 5610; x_wconf 95' lang='lat' dir='ltr'><strong> </strong></span> 
     </span>
    </p>
   </div>
  </div>
 </body>
</html>
