3562 5582
654 77 1017 141 GARISENTUS
1546 78 1584 140 19

102 193 152 252 tam
174 187 394 248 salernitanam
407 204 434 265 p.
458 190 505 248 44.
525 183 613 247 Liber
626 186 681 246 iste
702 183 807 246 merito
900 184 1135 266 Epithalamium
1152 185 1186 243 E.
1201 181 1320 244 Mariae
1334 181 1473 260 Virginis.
1487 184 1581 265 lncip.

103 279 308 343 Passionarius
326 280 491 353 vocitatur,
514 278 588 359 guia
610 278 646 340 de
658 277 809 380 passioni-
862 277 977 342 Nobilis
997 277 1126 356 cripitur
1143 275 1249 340 Mundi
1268 274 1437 357 praesecto.
1464 279 1523 340 MS.
1532 307 1536 314 ·
1553 281 1584 340 io

103 373 150 436 4444
169 373 251 452 cpit,
272 389 362 453 quem
382 371 506 452 puidam
528 371 674 432 4444444444
694 371 809 449 compo·
863 373 935 434 Bibl.
955 374 1141 436 Calloniana.

96 467 186 529 4444444
207 471 361 541 asserunt,
382 465 435 527 sed
454 483 513 526 non
533 469 578 525 ost
595 457 713 537 44444444,
735 479 810 543 quia
902 466 945 525 De
956 461 1116 527 miraculis
1126 460 1269 542 eusdem
1285 463 1376 540 Ιοοῑρ.
1389 462 1584 578 FecitDEllS

99 559 180 638 iiius
202 555 276 618 libri
294 556 411 620 (44444444
427 557 554 639 prount
568 563 730 632 auctores,
751 555 810 618 soi-
863 558 961 620 mirus
978 557 1114 632 mirum,
1135 553 1217 616 dum

100 651 158 712 44444
176 649 378 725 Alexander,
402 649 534 712 Galama
554 655 645 732 atque
671 649 810 721 Priscia
903 649 1076 731 satyricum
1091 664 1166 731 opus
1178 651 1265 728 incip.
1281 647 1382 710 scribo
1396 665 1506 732 nouam
1520 655 1586 712 tan-

98 761 169 820 nae,
194 748 225 804 et
253 760 313 804 non
338 741 431 804 si'rnul
449 759 544 822 neque
562 759 622 804 uno
644 759 810 820 consensu,
863 743 930 806 dem
948 749 1096 823 satyram.

98 836 143 900 iod
162 835 300 898 semotim
321 835 358 897 do
373 833 568 941 passionibus
602 835 762 918 corporis,
783 841 814 896 et
903 839 946 898 tte
970 835 1172 910 Paenitentia,
1193 837 1326 898 carmine
1354 838 1494 917 elegiaco.
1523 839 1582 902 MS

93 935 180 1012 prout
201 929 310 1009 cuique
331 935 377 992 est
394 929 502 1002 ouum
525 933 743 1004 tractaverunt,
758 927 813 990 sed
866 935 894 992 in
913 929 1075 1007 Bodleiana
1105 949 1133 989 n.
1156 930 1256 1004 2494,
1279 929 1306 990 7.
1328 935 1360 991 et
1387 931 1467 992 inter
1491 930 1583 992 libros
1697 969 1701 979 ·

99 1021 263 1084 Tehodorus
286 1024 463 1094 Priscianus
484 1021 609 1102 collegit,
631 1027 699 1084 444
720 1027 813 1084 iuuet
864 1024 937 1087 4444.
953 1019 1038 1084 Cale.
1055 1040 1086 1082 n.
1100 1023 1170 1084 266.

97 1131 153 1195 pio
176 1121 209 1176 et
233 1133 254 1176 a
274 1112 456 1194 quibusdam
475 1114 588 1177 additis
608 1114 699 1176 aliter
718 1130 810 1196 quam
903 1117 1009 1178 Aurea
1031 1115 1163 1176 Comum.

96 1225 194 1284 nanc,
215 1209 260 1270 sic
281 1206 442 1282 ordinauit.
470 1206 583 1270 Fehres
603 1209 681 1270 eninr
708 1213 811 1288 utpote
906 1208 1230 1290 Computus‚imitatus,
1242 1206 1512 1284 Eedam,et'tahula
1529 1212 1586 1270 Ρο-

96 1299 281 1362 nni'oersales
301 1301 334 1362 in
354 1306 487 1363 tractatu
502 1301 685 1382 praemisit,
703 1299 808 1362 deindo
865 1299 1101 1365 seminasti
1124 1301 1199 1364 Bibl.
1219 1299 1332 1378 Bcdlej.
1355 1319 1383 1363 n.
1405 1300 1506 1375 2472,
1524 1304 1584 1375 46,

96 1399 213 1458 cartem
233 1394 327 1474 quasi
340 1392 550 1474 particularia
580 1391 756 1474 4444444444,
777 1391 812 1454 td
866 1395 969 1473 6437,
987 1396 1055 1459 442.
1072 1401 1164 1474 atque
1186 1394 1373 1456 inter-libros
1389 1393 1468 1456 Gaii.
1490 1393 1582 1458 Laudi
1614 1435 1633 1446 ..

99 1491 138 1549 ist
156 1486 196 1548 dc
216 1485 359 1566 cephalea
372 1492 402 1547 et
415 1485 486 1548 aliis
505 1486 685 1567 hujusmodi.
700 1489 812 1550 Secun-
867 1507 950 1553 num.
970 1487 1066 1564 4487,
1073 1479 1131 1550 46.
1148 1495 1180 1549 et
1196 1487 1317 1566 Digbaei
1337 1505 1419 1550 num.
1439 1488 1532 1566 4647,
1548 1490 1587 1550 46

97 1580 164 1642 dim
185 1580 334 1660 quosdam
354 1597 427 1665 aero
447 1598 506 1640 non
526 1580 681 1662 praeunti
705 1578 812 1685 plures
867 1582 1142 1646 necnonDublioi
1135 1580 1369 1659 inQColtegioSS
1383 1581 1463 1641 Trio
1474 1599 1504 1640 n.
1517 1579 1585 1642 474.

97 1692 188 1736 urum
203 1673 325 1742 librum
337 1659 652 1753 composuissemus
662 1689 743 1734 unus
755 1689 813 1734 sci
909 1675 1083 1739 Ortolanus.
1336 1723 1338 1726 -
1469 1715 1471 1720 ,

98 1767 165 1828 licet
186 1766 303 1829 Paulus
323 1765 494 1848 composuit.
517 1767 577 1830 Sed
595 1767 660 1828 sive
679 1765 729 1842 hi,
749 1765 814 1828 siue
910 1770 1080 1848 Cornutus,
1097 1771 1162 1830 sive
1184 1767 1317 1830 Disticha
1334 1769 1511 1830 hexametro
1523 1742 1588 1828 mo·
1613 1837 1617 1846 ,

98 1860 139 1922 illi
170 1866 424 1942 composuerunt,
444 1861 660 1941 Warmipotus
690 1860 813 1940 quidam
869 1865 965 1939 ralia,
990 1865 1069 1926 edita
1088 1867 1244 1943 Enganoae
1264 1862 1352 1922 4489.
1369 1858 1483 1922 4444444
1498 1859 1588 1922 Scho

97 1955 228 2018 14444444
250 1955 469 2030 Salernitanus,
490 1953 593 2017 4444444
607 1965 685 2046 eum
690 1953 722 2014 in
737 1950 815 2014 mul·
870 1955 991 2018 larium.
1004 1955 1078 2018 Vide
1092 1956 1268 2034 catalogum
1279 1955 1361 2015 MSS.
1377 1953 1586 2066 Angliaetcm.

98 2049 132 2111 lis
162 2065 227 2110 esse
247 2045 381 2128 schum,
402 2048 433 2108 iri
449 2045 593 2127 plurilus
617 2038 747 2122 4444444,
769 2053 817 2108 ut·
870 2050 982 2128 2..ρος
1002 2050 1071 2111 233.

95 2147 159 2234 pote
178 2141 212 2200 in
227 2138 365 2203 omnihus
382 2139 599 2216 inordinatum,
620 2157 689 2202 cum
709 2138 816 2222 quihu-
907 2143 953 2203 tte
969 2144 1128 2219 occentu,
1121 2141 1209 2220 incip.
1228 2137 1380 2200 Ecclesiae
1397 2155 1506 2200 444444
1520 2155 1590 2200 nor
1671 2169 1675 2179 ·
1759 2119 1761 2130 ¹

11 2283 13 2290 .
98 2226 181 2296 idam
202 2233 323 2296 clerici'c
343 2233 462 2314 optimis
483 2232 543 2296 sihi
568 2233 712 2296 adhibitis
738 2233 816 2296 hunc
871 2249 952 2296 mam
972 2235 1027 2315 qui
1040 2251 1163 2296 noscere
1183 2231 1316 2314 quaeris.
1336 2231 1405 2293 ibid.
1466 2273 1476 2282 .

99 2325 220 2402 librum,
243 2329 275 2388 iri
295 2333 442 2409 quantum
462 2329 528 2408 44444
549 2333 576 2388 44
597 2345 702 2389 eorum
722 2327 817 2389 soien-
909 2330 952 2390 De
969 2327 1184 2410 orthographia
1204 2328 1265 2390 MS.
1287 2329 1316 2388 in
1339 2325 1476 2387 Biblioth.
1500 2326 1591 2387 Gucl-
1703 2319 1706 2326 ’

101 2422 140 2482 tia
160 2421 288 2502 diligens
305 2421 413 2500 potuit,
435 2420 620 2496 emendavit,
638 2426 668 2482 et
683 2421 817 2482 ordinem
871 2422 1091 2501 pherbytene,
1107 2420 1187 2502 unde
1215 2423 1329 2501 primos
1359 2435 1470 2484 versus
1504 2419 1591 2481 affert

100 2521 247 2577 tractatus
261 2513 454 2598 praedictum
474 2514 699 2591 transmutavit,
721 2519 750 2574 ot
769 2531 817 2574 er·
872 2515 998 2576 Clarias.
1015 2516 1169 2593 Leyserus
1186 2531 1253 2594 pag.
1269 2514 1340 2575 349.

100 2613 166 2669 rata
185 2607 346 2682 timendo,
374 2605 529 2686 superfluit
549 2605 732 2682 resecando,
753 2623 818 2668 atn-
897 2623 921 2671 st
937 2623 995 2683 quis
1009 2623 1035 2670 tn
1048 2621 1160 2672 Ecclesia
1172 2619 1235 2683 uiti
1246 2631 1354 2682 niqaam
1366 2615 1537 2668 sabaia'dtie

101 2698 248 2782 {samque
267 2699 442 2774 reserando,
456 2705 640 2780 primitium
654 2699 816 2776 ordinavit,
897 2699 1003 2746 14471433
1020 2698 1092 2754 uhta,
1105 2699 1140 2746 414
1152 2697 1242 2748 doctus
1258 2697 1285 2744 144
1297 2692 1488 2756 otthossthphld.
1602 2703 1604 2706 '

11 2795 12 2800 ’
101 2791 381 2874 aparticulari'hus
410 2793 554 2873 hucpuns
579 2792 621 2855 ad
645 2791 816 2856 similitudi-
912 2797 1002 2860 Liber
1012 2799 1158 2860 metricus
1175 2801 1204 2859 in
1220 2796 1590 2875 analogiussmngine

104 2905 165 2950 nem
186 2888 277 2950 4444444
294 2886 414 2966 integri.
872 2899 946 2953 tom.
962 2893 990 2954 2.
1011 2911 1078 2973 ρος.
1100 2893 1158 2954 246
1177 2909 1206 2951 n.
1224 2891 1303 2952 8399
1326 2889 1453 2950 fortasse
1472 2888 1510 2950 ab
1532 2905 1591 2950 unc

137 2982 269 3044 44444444
290 2979 428 3042 Andreas
452 2980 710 3056 GhEtSENTUS,
728 2983 815 3042 roem
873 2989 1062 3066 superiorum
1078 2985 1158 3047 haud
1177 2985 1328 3045 diuersas.

105 3077 179 3137 eirca
211 3073 269 3137 ha.
292 3075 380 3136 4494.
404 3091 462 3136 noa
485 3081 581 3136 nctus
598 3075 671 3135 mihi
693 3075 751 3135 nisi
779 3091 816 3134 ex
914 3078 1338 3159 qusSpnonopmorumsire
1357 3075 1590 3136 multivocoram

11 3247 12 3256 ἵ
106 3165 266 3230 Clarissimi
283 3169 419 3246 Koenigii
435 3167 511 3229 Bibl.
783 3209 786 3216 -
873 3172 952 3249 quod
976 3175 1098 3252 incipit:
1125 3170 1168 3233 ad
1191 3188 1278 3230 more
1299 3187 1337 3230 nc
1357 3167 1463 3230 44444444
1489 3166 1591 3228 latices

138 3259 817 3340 4444444464444449444344444494444444·
872 3264 1012 3347 deferre,
1036 3265 1152 3326 camino
1176 3259 1346 3342 igniculum
1370 3264 1424 3321 etc.
1450 3259 1593 3320 versibus

106 3357 165 3418 [444
186 3358 307 3434 (vitiose
329 3353 500 3416 dorlandus
517 3356 566 3416 vel
584 3353 620 3416 de
644 3353 816 3430 Calendis)
873 3359 1058 3420 hexametris
1071 3357 1131 3419 797
1148 3375 1185 3418 ex
1201 3354 1311 3419 Codice
1326 3353 1592 3432 Guelpherbytanc

106 3449 226 3529 hngtns,
237 3450 464 3511 Grammaticus
474 3454 505 3508 et
523 3450 612 3510 rosia
628 3449 818 3510 clarusoirca
872 3450 966 3512 edidit
987 3451 1127 3512 laudatus
1145 3452 1302 3527 Leyserus
1323 3465 1391 3526 ρος.
1413 3447 1484 3508 342-
1487 3445 1555 3508 338.

100 3545 156 3606 ha.
175 3543 255 3605 4449
272 3541 362 3620 cujus
389 3541 464 3604 haec
493 3545 663 3604 chstono
680 3542 869 3602 Buriensi·
916 3545 997 3622 Opus
1013 3528 1262 3622 AEqui'iiocorum,
1286 3542 1409 3619 incipit:
1426 3538 1590 3618 Augustus,

106 3641 131 3698 io
152 3636 267 3715 majore
288 3636 429 3715 Cataiogo
447 3641 538 3714 atque
555 3634 624 3696 inde
641 3651 657 3695 a
675 3635 763 3696 Bateo
781 3636 817 3710 44,
875 3636 906 3716 44,
924 3642 961 3716 44,
981 3633 1275 3699 Caesaruelmensis
1296 3631 1410 3694 habeto.
1427 3631 1592 3710 hupusais,

108 3731 141 3792 48
159 3739 189 3792 44
210 3732 312 3791 Pitsec
333 3745 399 3808 pag.
422 3729 491 3803 484,
509 3745 573 3807 seq.
593 3735 817 3790 momorantur:
875 3735 942 3806 tui,
959 3729 995 3790 ui
1006 3775 1013 3807 ,
1028 3728 1095 3791 uult
1108 3726 1253 3792 diuinatio
1268 3725 1337 3791 dici.
1349 3725 1409 3790 418.
1419 3725 1525 3788 eodem
1538 3722 1594 3788 Co-

141 3826 183 3886 ne
202 3821 357 3903 Hysteriis
372 3819 526 3884 Ecclesiae
549 3823 678 3884 Carmen
695 3821 732 3883 ed
752 3822 820 3884 Ful·
874 3823 940 3886 dice
956 3825 1175 3904 Cuclphorbyt.
1195 3824 1237 3885 id.
1253 3839 1321 3903 ρος.
1340 3822 1409 3886 338.

107 3935 208 3979 conein
234 3917 420 3996 Episcopum
437 3915 706 3988 ‘Londioensenm,
732 3921 764 3976 ct
787 3917 818 3976 in
914 3917 1122 3980 Dietionarius
1143 3919 1209 3978 sive
1225 3915 1262 3977 de
1291 3911 1470 3990 dictionibus
1486 3910 1594 3972 ohscu-

107 4013 174 4074 4444
188 4013 442 4077 Commentarius.
458 4013 549 4091 Incip.
565 4007 675 4090 Arpha
685 4026 744 4090 quo
754 4012 820 4072 4444-
873 4013 937 4088 444,
966 4029 1026 4073 non
1043 4014 1176 4073 carmine
1200 4009 1254 4084 sed
1275 4010 1408 4088 prosarie
1432 4006 1590 4074 oratione,

105 4105 173 4182 dii,
194 4111 250 4168 tua
280 4104 362 4166 dum.
382 4107 443 4167 MS.
472 4105 702 4184 cantabrigiae,
727 4109 818 4182 atque
873 4108 1073 4185 iragmcntum
1102 4107 1132 4165 ia
1160 4106 1242 4166 ttSS.¹
1270 4100 1409 4164 Bibliotb.
1437 4096 1592 4170 Gudiaoap

106 4205 179 4263 inter
208 4199 335 4264 Codices
361 4199 477 4261 Eccles.
499 4199 705 4278 vigorniensis
725 4206 757 4258 et
787 4200 818 4258 in
874 4217 940 4280 ρος.
957 4200 1026 4261 474.
1046 4217 1076 4259 n
1095 4199 1165 4260 346.

11 4357 12 4380 ,
106 4269 547 4371 8414444444.34444ο]“.4.249544
567 4283 820 4372 ctGaclpherby
915 4296 1077 4368 Diversus,
1095 4299 1130 4354 ut
1147 4292 1283 4365 videtur,
1304 4273 1503 4365 asuperiore,
1522 4283 1593 4346 lieet

106 4391 145 4463 ti,
161 4407 199 4450 ex
231 4404 292 4468 qno
314 4387 425 4448 Codice
451 4387 607 4466 prologum
628 4393 660 4446 et
687 4389 818 4464 primum
873 4387 1003 4450 eundem
1027 4387 1115 4448 faciat
1135 4385 1274 4448 Oudinas
1295 4389 1368 4442 tom.
1387 4381 1415 4444 2.
1437 4395 1504 4458 ρος.
1477 4378 1590 4468 4609,

106 4490 192 4563 ceput
209 4484 298 4544 444444
311 4481 495 4558 Polycarpus
509 4481 681 4558 Leyserus
674 4496 706 4538 in
725 4479 819 4540 histo·
873 4498 936 4559 seq.
947 4481 1075 4540 loannes
1092 4475 1357 4550 GARLANDIUS,
1375 4471 1522 4544 Medicus,
1539 4487 1592 4532 cu-

107 4595 147 4639 ria
159 4581 288 4639 Poescos
306 4573 395 4636 medii
411 4591 478 4634 aevi
494 4591 559 4653 ρο
534 4575 643 4634 339.
871 4573 922 4653 jus
951 4571 1163 4651 compendium
1182 4567 1358 4650 Alchpmiac
1380 4563 1492 4646 prodiit
1511 4565 1593 4624 Basi-

11 4705 12 4710 .
146 4673 239 4731 Unum
260 4668 402 4742 omnium.
423 4669 516 4747 Incip.
539 4665 700 4730 Commoda
721 4664 819 4748 negle-
873 4669 937 4728 leae
956 4670 968 4728 4
976 4667 1054 4742 569,
1071 4665 1101 4727 8.
1116 4681 1185 4726 eum
1210 4665 1398 4742 expositione
1425 4657 1590 4720 4444404444

11 4827 13 4844 ,
108 4765 159 4825 4413
179 4761 251 4826 ditm
271 4768 433 4842 4964444144·
575 4807 579 4816 ·
878 4757 1064 4822 Villanocani
1082 4760 1135 4836 qui
1156 4760 1234 4819 circa
1263 4757 1320 4820 449
1349 4755 1472 4822 floruit:
1499 4755 1590 4828 atque
