3624 5600
723 63 979 150 4444444
1253 148 1257 154 ,
1535 87 1596 154 tos

105 191 293 272 losophornm
328 197 442 252 4444444
473 193 638 254 universim
661 211 725 274 pag.
749 197 818 258 473.
914 202 959 260 io.
978 185 1129 260 Francisci
1153 199 1212 259 Pici
1235 197 1339 277 hymni
1355 197 1470 260 heroici
1482 200 1599 262 444444

103 286 217 364 Reliqui
228 284 439 347 Aristoteleam
449 287 542 346 armis
552 285 820 366 Aristotsieispair·
874 294 929 355 SS.
944 293 1136 365 7444444444,
1151 291 1194 351 cd
1207 289 1361 353 4744444444
1372 335 1380 360 ,
1391 290 1433 352 od
1448 292 1598 370 Virginem

102 380 248 442 ticulatim
261 381 461 459 impugnant:
476 385 543 458 pag.
558 379 616 442 657
635 379 746 460 ubique
766 401 820 444 au·
873 388 911 446 44.
926 403 990 445 une
1005 402 1074 446 cum
1094 384 1160 446 eius
1179 385 1402 446 commentariis
1412 385 1596 466 4434444444

103 480 164 534 tam
188 474 217 533 io
236 472 299 532 iilis
320 472 467 533 asseritur
487 477 519 534 et
539 474 821 538 celebratur'chri-
875 481 963 540 4544.
986 479 1034 540 iol.
1055 480 1189 540 Viennae
1210 480 1241 537 in
1262 477 1387 544 dustria
1410 479 1499 540 4647.
1514 483 1544 544 44
1568 483 1594 541 t.

101 568 198 628 stiana
225 564 394 644 disciplina.
418 567 478 626 iioc
497 582 573 650 opus
595 567 745 645 prodierat
769 570 820 631 iii-
874 573 930 632 Est
955 573 1046 632 etiam
1068 571 1208 632 editionis
1228 571 1369 636 omnibns
1390 573 1541 650 antiquior
1565 576 1596 632 iu

103 659 247 720 rauduiac
269 661 282 719 4
289 659 347 720 630
371 657 419 718 444.
874 665 968 725 ltalia.
990 663 1061 724 vids
1082 663 1267 728 Lambachar
1289 663 1360 723 ibid.
1380 681 1409 742 p.
1431 665 1500 727 365.

141 745 348 831 Epirlnlorunr
371 749 444 812 libri
464 757 578 832 quniur
598 753 669 814 846.
806 761 809 776 “
915 755 978 834 (mr
994 755 1595 837 4444444444444444444444444)1414344444

139 846 184 904 Dc
199 843 403 925 reformandir
423 843 569 920 44444444,
591 845 632 905 cd
652 849 776 907 4444444
797 847 822 905 X
874 849 938 910 Gio.
950 852 1027 911 Pico.
1045 850 1207 912 Guastaita
1220 851 1308 912 4794.
1333 854 1362 911 in
1380 853 1408 910 8.
1422 859 1453 912 44
1464 854 1596 914 44444444

102 937 281 1018 Pontificem,
302 936 519 999 ct·concilium
539 940 742 1000 4444444444
768 938 821 1000 444-
875 947 994 1004 Lattara
1004 943 1196 1004 Mirandolesi
1211 946 1241 1004 in
1256 944 1437 1022 ephamcui
1458 945 1505 1004 444.
1515 943 1597 1022 44444

101 1029 162 1094 4444
180 1047 260 1092 4444
282 1029 364 1091 4447
383 1029 496 1106 Oratio,
517 1047 584 1110 pag.
607 1033 675 1094 885.
706 1033 819 1092 Exstat
874 1038 933 1098 Fir.
952 1037 1030 1098 4806
1046 1039 1076 1096 44
1094 1038 1122 1095 8.
1140 1044 1172 1097 at
1193 1036 1262 1099 dein
1281 1040 1311 1096 in
1331 1037 1443 1116 4443344
1462 1039 1550 1099 4835.
1565 1040 1596 1098 in

101 1127 189 1186 etiam
219 1125 248 1184 in
278 1123 533 1186 crthuinicratii
552 1125 694 1186 fasciculo
717 1141 819 1187 rarum
874 1126 972 1188 ciusd.
993 1129 1022 1186 P.
1046 1129 1178 1188 Pozzetli
1199 1128 1264 1188 vita
1278 1128 1307 1188 in
1327 1124 1403 1187 44444.
1418 1125 1594 1204 4444444444.)

99 1216 340 1298 expetendarum
368 1215 641 1297 fugiendarumque
661 1235 727 1299 443.
749 1220 819 1283 308.
915 1219 1084 1282 4044444148
1100 1219 1191 1280 Picus
1209 1221 1279 1282 sive
1293 1218 1382 1299 Pyle,
1397 1220 1597 1300 4443444414-

99 1307 318 1390 compendium
344 1309 436 1388 hujus
458 1311 610 1372 Orationis
629 1315 657 1371 in
676 1311 820 1392 44444444
874 1329 929 1374 444
947 1314 1026 1373 circa
1058 1311 1116 1373 An.
1139 1314 1219 1374 4445
1238 1329 1331 1391 quem
1354 1314 1464 1375 44444444
1486 1315 1520 1374 44.
1544 1315 1592 1375 64.

98 1407 197 1466 menis
212 1403 250 1464 ad
268 1403 437 1466 chronicon
456 1403 820 1484 conradiUrspergensis
875 1414 906 1467 44
927 1409 1044 1468 Pilseus
1066 1423 1132 1485 pag.
1155 1409 1214 1467 495
1234 1407 1360 1468 tradunt
1381 1409 1540 1486 scripssise
1558 1407 1594 1468 dc
1709 1459 1712 1466 ,

98 1497 193 1560 adh.
216 1493 399 1558 45474444
422 1497 587 1576 4444643444
610 1497 820 1559 histEccias.
875 1499 1003 1580 44444444
1034 1499 1129 1583 444444
1155 1515 1309 1561 romonum
1329 1509 1360 1562 44
1381 1500 1417 1562 de
1437 1503 1532 1563 04444
1563 1503 1594 1564 in

99 1592 165 1653 Sec
187 1590 256 1652 XV!
282 1595 370 1668 parte
391 1590 410 1651 2
430 1606 496 1668 pag.
520 1589 567 1650 i6.
876 1588 985 1668 4444444
996 1587 1219 1651 dominantibus
1222 1607 1353 1669 cosque
1364 1591 1475 1651 libros
1469 1609 1499 1650 44
1513 1608 1595 1652 ccm-

135 1684 268 1746 Carmeu
285 1682 443 1744 heroicum
457 1679 494 1742 444
507 1681 691 1762 44444444ᾴὶ4
709 1686 819 1746 Venere
876 1681 1017 1760 pendium
1041 1685 1150 1742 missos
1170 1699 1187 1742 4
1208 1683 1402 1745 0444444440
1414 1686 1593 1776 4444444444,
1614 1743 1616 1752 ,

98 1781 127 1838 ot
139 1773 299 1855 Cupidine
316 1773 397 1853 quod
411 1775 524 1852 incipit,
538 1772 677 1837 4444444·
665 1777 758 1854 44444,
770 1778 822 1838 ob-
875 1769 1042 1836 Etcnc‘nsis
1064 1777 1185 1854 collegii
1208 1778 1387 1855 Praeposito.

98 1872 182 1932 rium
203 1871 233 1928 in
254 1866 375 1928 Grutari
410 1866 527 1936 deliciis
547 1873 705 1946 poctarum
730 1869 818 1930 italo·
915 1867 1087 1930 thNNES
1109 1867 1308 1944 Placentinus,
1329 1871 1509 1931 carmelita:
1543 1888 1595 1934 su·

97 1979 166 2024 rum
186 1967 259 2022 tom.
279 1961 298 2020 2
319 1975 386 2038 pag.
410 1959 471 2020 205
492 1965 524 2019 44
544 1958 699 2038 hymnus
686 1978 718 2020 44
735 1961 821 2022 4444·-
876 1977 929 2040 pra
949 1964 1080 2022 loannes
1098 1961 1281 2024 0444444444
1302 1978 1367 2042 pag.
1384 1963 1452 2024 352.

96 2060 194 2136 444444
215 2052 411 2115 Laurentium
432 2069 499 2131 pag.
519 2053 589 2115 244.
873 2110 879 2120 ,
914 2054 1087 2116 4044444448
1110 2057 1167 2117 444
1183 2052 1390 2130 Placentinus,
1407 2058 1506 2135 Belga,
1521 2057 1594 2118 Ord.
1686 2069 1692 2078 ⁴

136 2149 266 2212 Caetera
278 2163 356 2224 qnae
373 2149 402 2208 in
417 2147 532 2212 allectis
550 2146 691 2208 habuisse
707 2164 740 2208 ae
755 2149 822 2226 ipsc
877 2149 980 2213 344444.
1002 2150 1123 2228 scripsit
1146 2147 1322 2228 cotnlcpum
1331 2149 1501 2212 antistitum
1519 2152 1596 2212 7444-

99 2243 156 2304 4444
176 2246 325 2312 44444444,
347 2244 421 2300 sunt
444 2238 580 2300 Historia
603 2256 730 2302 suorum
751 2246 825 2323 tem-s
874 2257 1023 2346 purorum
1036 2241 1100 2303 4444
1118 2243 1344 2320 Tunprensium,
1359 2243 1594 2323 Trnjectcnrium

94 2351 216 2422 porum.
228 2334 271 2394 De
283 2331 475 2393 Prouidentia
492 2333 574 2406 tiber,
587 2351 678 2413 quom
689 2331 729 2394 44
740 2332 822 2395 omni
874 2351 911 2396 oo
932 2334 1144 2408 leodiensium,
1160 2340 1188 2394 44
1203 2334 1408 2414 compendium
1423 2353 1530 2397 rerum
1540 2337 1593 2398 do·

98 2431 208 2506 inquit,
228 2425 358 2504 notione,
377 2431 467 2506 utque
487 2424 527 2487 44
545 2426 584 2489 iis
600 2429 674 2508 44444
689 2428 743 2508 qui
756 2445 821 2488 crc-
876 2427 920 2488 mi
939 2424 1066 2506 bellique
1084 2427 1259 2505 gesturum,
1281 2427 1319 2488 ad
1340 2429 1529 2491 Ererardum
1555 2430 1594 2492 de
1709 2424 1713 2432 '

98 2523 214 2586 44444444
233 2539 254 2580 4
270 2519 424 2601 plerisque
440 2519 533 2600 impii,
553 2517 735 2602 Philosophia
754 2523 821 2583 444·-
875 2520 902 2580 la
923 2519 1031 2596 44444414,
1052 2521 1234 2598 Episcopum
1256 2520 1456 2582 Leodionsem
1477 2523 1515 2582 ab
1537 2523 1593 2584 hu.

96 2617 260 2690 4444444444,
277 2619 447 2676 monstrare
467 2611 624 2674 consilium
640 2620 695 2688 est,
711 2613 821 2674 nedum
878 2612 965 2674 4507.
988 2612 1098 2674 Prodiit
1119 2613 1277 2692 4444444444,
1300 2615 1420 2675 45998.
1442 2619 1596 2693 atqua-in·

98 2725 200 2772 saorra
213 2707 320 2768 44444444
332 2713 492 2768 norrotcrn
503 2713 532 2768 44
544 2712 714 2768 nostrorum
734 2705 821 2766 Theo
876 2714 923 2766 ter
943 2707 1031 2796 44444.
1053 2706 1271 2778 Eizeviriauas,
1293 2707 1323 2764 in
1341 2707 1502 2768 chhomii
1523 2710 1595 2786 liep.

99 2802 236 2882 44444444
256 2799 455 2882 calidissimis
470 2797 641 2860 rationibus
660 2803 819 2862 asserium.
878 2797 1046 2858 Leodiansi.
1066 2797 1140 2858 lide
1160 2798 1301 2859 Vossium
1323 2814 1389 2877 pag.
1411 2799 1470 2860 653
1490 2807 1522 2860 44
1547 2802 1598 2861 44-

97 2897 139 2956 444
154 2893 324 2970 dialectico,
336 2893 373 2954 ad
389 2893 484 2954 tilium
503 2893 617 2953 iibriV.
632 2891 748 2972 Hymni
752 2909 822 2970 qur
875 2892 981 2952 nobum
998 2889 1170 2952 Echardum
1184 2881 1222 2950 d'a
1236 2893 1357 2969 scriptis
1373 2893 1595 2953 Dominioancr.

12 3039 13 3048 ,
97 2989 155 3050 bus
188 2989 332 3050 universa
353 2988 415 3046 4444
436 2994 468 3046 44
490 2988 595 3046 Divina
619 2993 650 3046 44
672 2986 819 3046 naturalia
875 2991 947 3044 tom.
968 2985 1075 3063 9443
1098 2985 1167 3046 434.
1190 2982 1332 3063 Dialogus
1353 2983 1430 3046 duos
1450 2989 1595 3061 carmine,

12 3073 13 3126 ἕ
96 3089 127 3141 44
149 3081 275 3142 moralia
308 3086 466 3158 praccepta
488 3079 536 3139 vei
557 3077 836 3156 44444444444444-Ι
876 3096 1004 3157 quorum
1028 3080 1126 3156 prior·
1148 3075 1285 3140 clericus
1305 3095 1413 3160 eques:
1431 3081 1516 3154 alter,
1539 3082 1597 3140 44-

12 3163 13 3168 ’
99 3183 149 3236 444
173 3175 221 3234 444
245 3173 446 3234 insinuantur.
467 3167 612 3250 4444444444
646 3170 682 3232 de
697 3174 821 3234 'sereno
876 3170 1105 3233 cinnionlr'cur.
1140 3171 1297 3250 antwerp.
1330 3173 1418 3234 4535.
1441 3175 1470 3233 8.
1492 3175 1598 3252 Pugno

101 3265 298 3330 conscicntia.
565 3297 569 3304 ·
786 3305 788 3310 -
872 3267 1057 3344 porcorum,
1079 3263 1181 3325 itidem
1210 3265 1353 3340 carmine,
1386 3283 1447 3344 quo
1479 3268 1599 3345 singula

137 3363 157 3399 ¹
179 3364 213 3423 ln
244 3359 303 3420 448.
325 3359 398 3422 044.
427 3360 532 3418 Latino
553 3359 627 3419 Bibl.
654 3361 822 3420 Taurioeu-
876 3358 1013 3420 alittera
1034 3361 1056 3420 P
1076 3359 1233 3436 incipiunt,
1256 3357 1337 3436 quod
1358 3359 1469 3420 84444444
1491 3362 1595 3421 visum
1637 3371 1648 3383 ·

100 3458 144 3518 sis
169 3454 247 3516 4439
279 3459 366 3516 artat
395 3451 607 3532 compendium
638 3469 744 3514 rerum
768 3451 821 3514 44
876 3453 1075 3533 impossibiie:
1092 3451 1201 3530 prodiit
1218 3453 1347 3530 saepius,
1360 3457 1424 3514 tum
1445 3453 1513 3513 alibi
1530 3459 1597 3513 tum

100 3546 291 3610 mercdiiiron
315 3544 445 3608 44444444
475 3545 603 3626 virginis
636 3545 822 3608 Calloniana
876 3561 1023 3610 unacum
1042 3543 1189 3624 hugbaldi
1211 3543 1300 3605 laude
1321 3545 1452 3605 calvitiei
1472 3543 1597 3622 (dequo

12 3689 13 3692 ,
100 3643 136 3706 444
158 3641 246 3716 tertio
268 3638 374 3701 hohiln
390 3643 420 3704 S.
434 3639 581 3700 ltominici
597 3637 637 3699 44
647 3637 775 3700 «44444444
790 3642 820 3700 V.
876 3657 966 3722 supro
989 3648 1063 3702 tom.
1085 3639 1103 3699 9
1124 3655 1152 3718 p.
1175 3639 1245 3714 366)
1267 3644 1298 3699 44
1327 3641 1358 3698 in
1374 3638 1597 3718 amphitheatro

12 3783 13 3792 .
101 3739 146 3798 44.
158 3737 213 3796 Fr.
226 3735 294 3796 Pico
304 3733 498 3797 hlir’onduloe
515 3731 725 3813 Concordiorq.
738 3735 819 3794 Dum.
877 3737 1017 3814 casparis
1036 3733 1176 3794 Bornavii
1199 3739 1271 3792 tom.
1295 3734 1306 3792 4
1334 3749 1399 3810 443.
1422 3734 1490 3793 699.
1522 3733 1616 3816 4444-Ι

102 3831 250 3911 digestum
271 3833 365 3908 utque
396 3825 435 3888 44
462 3826 627 3888 humillimo
649 3827 681 3886 in
702 3826 822 3889 Christo
877 3828 988 3888 dautur
1007 3828 1098 3886 etiam
1121 3824 1232 3886 medita
1250 3823 1409 3902 ejusdem,
1433 3823 1600 3886 chronicon

101 3941 191 3986 cerco
214 3921 321 3983 Prned.
345 3920 416 3982 0444.
447 3919 558 3982 olunno
579 3922 614 3981 F.
636 3923 724 3980 Petro
741 3923 823 3992 4444-
878 3919 1101 3997 atemporibus
1133 3918 1343 3996 Apostolorum
1365 3916 1402 3976 ad
1425 3917 1481 3976 An.
1509 3917 1598 3977 4448.

12 3991 13 4016 ¹
102 4023 172 4098 tyre
192 4014 387 4078 cameriensi
410 4031 468 4076 non
489 4011 598 4094 paucis
614 4012 753 4074 adauctis
769 4011 823 4074 nh·
878 4011 1078 4092 Antiquitotcs
1112 4009 1296 4088 7444444444
1317 4012 1348 4068 44
1365 4011 1466 4070 444444
1499 4008 1600 4086 Troja-

104 4111 249 4174 roiumm.
675 4117 680 4126 ’
880 4111 1003 4176 clencan,
1023 4101 1186 4182 amplitudo
1206 4100 1337 4175 civitellis
1358 4100 1536 4174 leodiensis,
1561 4099 1598 4160 dc

144 4207 233 4269 Liber
252 4207 318 4266 eius
345 4202 383 4264 dc
415 4201 605 4264 Providentia
636 4204 688 4263 Dei
720 4209 825 4264 contra
880 4196 1020 4279 rdiquiis
1044 4195 1175 4274 ihcjecti
1193 4192 1362 4254 asservatis
1383 4201 1414 4253 44
1435 4193 1492 4254 alia
1512 4194 1599 4272 plura

103 4299 365 4378 Philosophastros
397 4299 475 4358 inter
506 4297 626 4374 aditos,
659 4314 719 4359 non
753 4313 825 4356 varo
881 4292 989 4356 similia
1009 4292 1152 4352 carmina.

12 4443 13 4448 .
104 4397 229 4459 44444444
255 4390 464 4460 accensendus
489 4397 538 4452 est
563 4389 769 4452 indicanteV.
793 4392 825 4451 c.
921 4381 1434 4458 JOANNESPhreihHaidclborgas
1451 4396 1521 4440 cum
1538 4395 1601 4440 ma·

102 4486 317 4551 Lambacher
310 4503 339 4546 m
360 4465 494 4564 catalogo
518 4484 591 4545 Bibi.
609 4487 704 4562 antiq.
713 4487 826 4545 civicae
883 4495 940 4557 344
963 4476 1054 4538 44444
1074 4476 1176 4536 docuit
1198 4478 1277 4536 circa
1302 4473 1361 4534 an.
1385 4473 1462 4534 4430
1483 4471 1521 4532 da
1542 4489 1601 4551 quo

104 4581 366 4656 vindobonensis,
389 4579 530 4658 prodiit·
523 4595 553 4639 m
586 4579 729 4640 suburbio
750 4576 826 4638 Novi
882 4571 1065 4632 Tritiremius
1086 4585 1150 4648 cap.
1173 4568 1230 4630 763
1251 4568 1337 4629 doS.
1365 4569 1399 4628 Ε.
1421 4572 1452 4628 44
1468 4564 1507 4625 44
1527 4568 1601 4628 scri·

104 4695 154 4741 an
170 4676 258 4739 4508.
274 4676 322 4736 441
341 4673 479 4753 dirigitur
497 4671 535 4734 ad
554 4669 641 4735 card.
660 4673 745 4732 Dcm.
760 4669 826 4730 Gri·
883 4664 1020 4744 ptoribus
1040 4663 1140 4724 Germ
1163 4679 1229 4740 cap.
1260 4663 1327 4724 464.
1362 4659 1487 4744 Scripsit
1512 4673 1604 4740 super

108 4787 243 4834 manum.
885 4756 1020 4838 primum
1042 4753 1241 4817 Decrctolium
1262 4763 1293 4816 44
1314 4759 1420 4817 contro
1450 4751 1603 4830 84444444,
