3562 5580
184 133 224 194 96
770 127 1096 193 denudatus

180 239 279 314 aliqua
296 235 548 314 subdat,quibns
567 201 594 294 44
613 235 738 297 dubium
758 249 898 296 revocare
993 235 1210 299 GBEGOBlUS
1239 207 1459 318 trapezuntius
1481 236 1663 314 appellatura

180 333 266 390 visus
287 333 335 388 est
363 330 569 388 sinceritatem
593 327 673 389 illius
695 329 897 407 penitentiae:
953 331 1143 410 quibusdam,
1161 333 1212 408 qni
1235 333 1351 391 rectius
1367 311 1564 391 GEOBGIUS.
1580 331 1619 388 Be
1634 343 1668 388 eo·

183 423 253 484 Tros
273 427 346 482 sunt
363 421 418 500 qui
434 419 622 481 testimonum
636 419 710 480 daut
721 425 779 481 etc.
794 437 900 498 provo-

180 516 295 578 candus
312 501 391 575 ame'
407 521 455 574 est
471 514 565 575 lector
577 515 613 574 ad
628 514 781 574 dissertat.
793 516 824 574 P.
836 512 902 574 Galss

182 617 244 671 met
265 609 432 669 4444444111.
450 609 619 670 Comment.
636 625 665 686 p.
681 608 738 667 679
756 605 826 667 edit.
844 609 902 668 Lu-

183 719 265 764 4444.
290 703 323 763 44
347 717 407 779 qua
434 702 603 760 sententiae
624 699 760 760 eiusdem
781 701 905 760 sinceri-

183 804 231 857 tas
248 797 367 874 egregie
383 792 566 854 vindicatur.

219 884 905 962 GREGOBIUSSondenrer'ter,Germanusvi-

179 993 241 1046 tam
259 981 449 1044 Constantini
467 981 572 1057 Magni.
586 980 777 1058 imperatoris
794 978 906 1041 4141444-

180 1079 261 1140 sebio
294 1075 442 1155 proditam
469 1072 598 1134 reddidit
628 1075 747 1149 Latine,
773 1074 906 1134 44444444

180 1174 307 1233 14444444.
339 1169 382 1230 Ea
416 1168 497 1228 MSta
531 1169 559 1225 in
595 1167 907 1228 6414144414414444444

178 1264 341 1327 Viennensi
356 1307 364 1338 ,
379 1267 413 1322 ut
428 1279 466 1320 ex
485 1262 648 1321 Possevino
670 1260 797 1321 Vossius
815 1276 908 1321 anno·

181 1361 266 1421 tavit.

221 1449 439 1512 GBEGOBIUS
469 1448 638 1526 Episcopus
668 1441 915 1512 Tarracinensis.

181 1545 254 1606 Vide
272 1559 382 1623 supra,
401 1544 429 1602 in
447 1539 632 1602 cassinensi.

220 1637 437 1698 GBEGOBlUS
457 1633 622 1714 Trpbernas
648 1631 765 1706 italus,
787 1631 910 1690 Praece-

180 1739 248 1810 ptor
267 1734 343 1791 civis
358 1732 404 1791 sui
427 1729 517 1790 Laelii
544 1725 651 1805 AEgidii
672 1723 865 1802 Tiphernatis
881 1721 907 1794 a)

180 1825 356 1903 Georgllque
371 1822 500 1884 44444144
523 1829 553 1880 44
567 1819 720 1898 Baptistae
737 1817 907 1888 Mantuani,

181 1921 284 1978 Latine
302 1919 395 1978 vertit
408 1916 503 1977 libros'
511 1919 628 1993 septem
641 1910 831 1990 posteriores,
844 1909 908 1966 sive

179 2012 281 2072 Asiam
299 2018 330 2071 et
344 2011 475 2071 Africum
493 2003 673 2082 Strabonis,
690 2009 726 2064 ut
743 2003 858 2082 priores
875 1999 910 2059 li-

181 2107 250 2164 bros
268 2104 373 2164 decern
398 2105 463 2162 sive
481 2101 632 2178 Europam
649 2098 802 2158 Guarinus
820 2095 910 2154 Vero·

184 2198 295 2258 nensis.
313 2194 423 2256 Prodiit
437 2211 475 2254 ex
501 2193 676 2253 recensione
704 2192 765 2250 lac.
788 2187 909 2247 Antonii

181 2290 309 2352 Marcelli
326 2291 409 2350 44444.
429 2285 516 2350 44476.
540 2286 588 2345 141.
607 2301 643 2345 44
659 2281 768 2342 deinde
787 2280 910 2358 saepius

185 2391 218 2446 nt
232 2383 281 2443 lib.
299 2383 347 2443 lv.
363 2397 427 2459 cap.
447 2367 474 2441 4.
497 2377 570 2438 bibl.
598 2377 711 2438 Graeca
734 2374 833 2434 dicere
861 2389 909 2432 me

183 2479 317 2539 memini.
333 2475 389 2536 Ex.
414 2468 603 2532 poematibus
618 2468 685 2547 ejus
708 2483 803 2547 pauca
818 2482 910 2544 quae-

182 2571 251 2632 darn
268 2570 410 2647 leguntur
426 2569 455 2626 44
472 2566 592 2626 Gruteri
610 2563 727 2624 deliciis
746 2565 906 2640 poetarum

152 2733 155 2741 ,
183 2665 326 2726 ltalorum
353 2668 423 2722 tom.
442 2661 479 2734 B,
497 2676 565 2738 pag.
584 2656 674 2719 4474.
691 2654 783 2722 4473.
809 2654 853 2712 Be
873 2667 909 2712 eo

183 2757 276 2818 tilius
289 2755 440 2834 Gyraldus
459 2753 507 2813 lib.
524 2755 550 2814 4.
567 2751 604 2812 de
618 2751 716 2829 poetis
732 2749 780 2808 sui
795 2754 910 2823 tempo-

183 2853 224 2911 ris
251 2859 317 2930 pag.
342 2847 389 2908 47.
411 2844 566 2928 Tifernus,
585 2841 642 2903 etsi
661 2837 825 2902 Medicinae
842 2853 908 2918 ope-

181 2961 250 3004 ram
271 2940 428 3022 impendr't,
452 2934 644 3018 politioribus
670 2939 767 2994 tomen
798 2928 907 2991 44444444

137 3115 138 3120 ¹
182 3037 278 3116 magis
295 3040 341 3096 est
366 3037 520 3112 copertus,
538 3046 645 3110 quippe
673 3029 726 3108 qui
752 3025 855 3087 Latine
879 3029 909 3084 et

184 3131 298 3190 Graece
323 3125 395 3187 bene
421 3122 676 3198 doetrts,s1srbm
710 3125 740 3204 44
768 3115 905 3198 Africam

184 3219 360 3295 Strabonis,
378 3219 480 3280 Latine
495 3222 594 3280 oerbt.
614 3217 747 3278 Eaesmnt
762 3214 827 3292 ejrm
841 3209 905 3290 ple·

182 3335 279 3397 raque
304 3321 461 3394 poemata,
479 3329 557 3394 puae
577 3315 620 3371 est
647 3325 754 3388 operae
775 3307 906 3394 pretium

183 3406 345 3488 aliquando
363 3405 512 3477 euoluere,
529 3406 602 3463 sunt
614 3402 692 3462 inter
705 3417 742 3460 ea
759 3397 907 3478 pleraque

184 3498 355 3563 6444444444
367 3515 448 3559 more
458 3494 648 3577 perscripto:
663 3482 740 3554 oenb
752 3491 796 3551 4444
807 3488 908 3571 facilis

183 3591 306 3674 ubique,
323 3590 448 3653 sednon
462 3587 549 3670 plum
562 3586 736 3667 perspicua.

202 3688 252 3750 st*
278 3688 308 3747 ln
338 3684 486 3748 coditi
514 3683 618 3746 Latina
644 3678 847 3742 Bibliothecae
879 3680 908 3738 S.

186 3781 275 3842 144444
288 3780 484 3840 venetiarum
496 3777 586 3838 buius
597 3773 741 3852 Gregorii,
752 3772 844 3832 latina
869 3773 913 3830 in-

187 3875 363 3953 terpretatio
375 3878 506 3950 quatuor
521 3871 689 3930 orationum
707 3865 745 3926 de
755 3867 856 3944 Begno
872 3881 908 3924 ex

185 3967 408 4030 GraecoBionis
416 3964 601 4044 crysostomi
614 3963 732 4040 legitur,
749 3975 841 4038 quarn
857 3975 910 4020 au·

189 4063 258 4125 thor
274 4059 393 4125 Nicolao
409 4062 443 4121 V.
462 4057 597 4120 Pontifici
610 4054 728 4116 direxit.

224 4155 455 4230 GBBGORIUS,
477 4150 631 4213 Toletanus
649 4149 827 4226 Episcopus,
839 4161 910 4204 eon-

187 4250 277 4310 64444
290 4267 329 4310 ex
354 4247 489 4322 Baetica,
508 4245 545 4306 de
563 4259 622 4322 quo
644 4256 744 4319 supra.
767 4237 841 4298 Vide
861 4238 911 4299 Ni-

186 4341 302 4400 colaum
319 4341 484 4402 Antonium
507 4343 579 4398 tom.
597 4339 624 4397 4.
645 4333 783 4396 Bibliotb.
798 4333 910 4391 veteris

187 4435 335 4510 Hispanae
351 4451 418 4512 pag.
437 4433 506 4495 446.
523 4447 587 4509 seq.

184 4805 315 4863 44444444,
328 4809 355 4851 44
367 4805 475 4852 6444444
484 4804 535 4865 jam
550 4808 679 4854 4444444444.
715 4843 718 4852 .

955 441 1046 504 supra
1063 442 1128 504 pag.
1148 427 1196 486 35.
1227 427 1231 434 ’

997 517 1143 597 Georgius
1174 515 1348 578 Florentius
1378 515 1608 590 GBEGOBIUS,
1635 515 1662 574 8.

955 612 1111 691 Gregorii,
1129 611 1272 690 Episcopi.
1294 609 1511 690 Lingonensis,
1527 611 1667 687 abnepos,
1760 609 1761 622 ¹

956 705 1067 765 charus
1082 705 1222 783 Gregorio
1236 705 1342 781 Magno
1357 705 1465 781 Papae,
1477 701 1669 780 4144ὴί444444-

957 815 1015 878 pus
1032 798 1069 858 ab
1086 795 1142 856 An.
1161 795 1228 858 573.
1243 795 1279 856 ad
1299 795 1368 856 596.
1383 797 1409 870 4)
1428 794 1669 872 Turonensis,in-

959 898 1005 952 ter
1023 889 1347 951 ilistoricosEraneicos
1359 889 1667 967 reterospraeoipuus,

958 984 1047 1062 eujus
1064 986 1125 1044 vita
1144 983 1181 1044 ab
1196 983 1325 1044 OBONE
1345 982 1533 1044 cluniacensi
1557 979 1669 1040 44114444

960 1097 998 1140 ex
1024 1077 1090 1156 eins
1118 1078 1257 1155 seriptis,
1285 1073 1519 1135 emendatioris
1546 1071 1670 1134 14444446

960 1172 1102 1245 44444444,
1121 1177 1154 1232 44
1171 1170 1233 1228 4444
1251 1167 1401 1247 descripta
1418 1185 1470 1246 per
1484 1167 1610 1228 Clericus
1620 1165 1672 1224 Tu·
1699 1165 1701 1168 ’

962 1281 1110 1326 repenses
1127 1263 1205 1344 apud
1226 1263 1349 1324 Surium
1377 1259 1425 1322 47.
1454 1258 1609 1320 Novembr.
1622 1258 1673 1318 Ge-

962 1361 1114 1438 nealogica
1145 1357 1246 1418 tabula
1275 1353 1353 1434 apud
1377 1354 1515 1416 Carolnm
1533 1353 1560 1413 le
1576 1353 1672 1414 Gointe

962 1465 1034 1516 tam.
1064 1455 1091 1515 2.
1124 1451 1285 1512 Annalium
1315 1451 1494 1510 Francorum
1514 1461 1579 1525 pag.
1613 1434 1672 1505 466.

963 1567 1052 1626 quern
1070 1547 1139 1606 vide
1157 1547 1246 1605 etiam
1270 1561 1336 1624 pag.
1352 1542 1430 1626 446.
1456 1537 1532 1616 seq.
1547 1537 1672 1612 venantii
1759 1581 1761 1610 ,

963 1641 1115 1703 Fortunati
1128 1627 1236 1700 versus
1248 1640 1276 1696 ln
1296 1639 1363 1714 ejus
1380 1634 1498 1696 laudem
1516 1631 1676 1694 44444114.
1760 1619 1761 1640 ¹

962 1734 1161 1796 Bibliothecae
1173 1734 1294 1792 Patrum
1312 1728 1521 1812 Lugdunensis
1532 1741 1597 1805 pag.
1611 1717 1671 1784 244.

963 1827 1150 1905 Martyrolog.
1173 1827 1340 1885 Romanum
1365 1819 1410 1883 47.
1428 1821 1585 1882 1444444144.

1003 1919 1136 2000 Epitome
1150 1917 1185 1979 ale
1198 1913 1291 1977 rebus
1302 1915 1382 1995 pesti
1390 1915 1576 1975 Franeomrm
1592 1925 1676 1990 parvo

965 2014 1061 2075 libello
1079 2019 1151 2074 ante
1175 2010 1373 2073 Historiarum
1400 2001 1678 2068 14644444444444444ὗ

966 2108 1062 2191 insius
1077 2107 1211 2185 digestos
1227 2104 1362 2163 breviata
1379 2118 1396 2162 a
1410 2102 1549 2178 Gregorio
1564 2101 1633 2172 luit,
1650 2097 1672 2154 si

964 2201 1118 2262 credimus
1136 2197 1290 2276 sigeberto
1311 2211 1374 2273 cap.
1391 2195 1436 2254 49.
1458 2193 1496 2254 da
1516 2193 1547 2254 S.
1569 2193 1602 2252 14.
1624 2187 1677 2251 Sed
1696 2249 1699 2256 ,

965 2311 1042 2374 quae
1053 2293 1140 2353 hodie
1155 2297 1256 2352 exstat
1274 2291 1412 2368 Epitome
1430 2305 1447 2348 a
1464 2286 1536 2348 libro
1553 2282 1678 2346 secundo

966 2404 1062 2466 usque
1083 2385 1120 2448 ad
1138 2376 1280 2456 sextum,
1304 2386 1368 2443 sive
1390 2382 1426 2442 ad
1449 2397 1552 2441 nocem
1568 2376 1680 2456 (1144144-

965 2485 1015 2544 rici
1033 2526 1039 2556 ,
1060 2483 1091 2540 14
1112 2479 1248 2541 Ruinarti
1269 2475 1411 2556 Gregorio
1427 2489 1493 2554 pag.
1511 2473 1578 2534 647.
1600 2470 1680 2532 PRE-

964 2573 1137 2638 1411644410
1169 2571 1391 2648 Scholasticoa
1418 2571 1491 2629 viris
1521 2565 1616 2628 doctis
1635 2565 1682 2624 tri·

964 2671 1086 2738 buitur,
1109 2668 1189 2726 sicut
1216 2663 1388 2725 Cbronr'con
1407 2677 1525 2740 quoque
1544 2659 1583 2721 ab
1601 2657 1682 2719 Anna

964 2759 1177 2824 essedum.
1209 2757 1289 2836 apud
1311 2756 1441 2817 eundem
1462 2755 1637 2816 Ruinartum
1656 2767 1681 2828 p.

952 2839 1029 2916 Ι686.
1052 2870 1121 2914 eum
1160 2852 1384 2911 continuatione
1415 2849 1537 2909 aliorum
1559 2843 1683 2925 quadm-

958 2949 1054 3026 'plici‚
1078 2942 1241 3022 usquead
1268 2943 1325 3003 An.
1347 2941 1414 3002 768.
1441 2957 1505 3020 pag.
1527 2939 1595 3000 663.
1620 2933 1682 2998 667.

962 3041 1030 3100 678.
1051 3037 1119 3098 687.
1148 3051 1322 3115 quanquam
1345 3052 1361 3095 a
1382 3035 1522 3112 Gregorio
1542 3033 1681 3110 scriptum
1734 3047 1737 3054 ’

962 3131 1129 3196 Cbronieon
1158 3126 1387 3189 Ecclesiasticus
1408 3127 1579 3202 Historiae,
1600 3125 1683 3202 (14.4.

962 3223 1052 3286 libros
1073 3227 1110 3285 14.
1145 3223 1231 3298 14444.)
1253 3221 1331 3281 idem
1355 3220 1527 3300 sigebertus
1547 3211 1683 3281 tradidit,

964 3328 995 3380 et
1018 3317 1203 3378 Trithemius
1224 3331 1251 3376 4.
1271 3315 1341 3378 226.
1363 3315 1401 3375 de
1426 3313 1455 3374 S.
1476 3313 1510 3374 E.
1531 3318 1561 3372 et
1582 3312 1619 3372 44.
1640 3309 1684 3368 46.

964 3415 1083 3473 illustr.
1103 3408 1289 3471 Benedictis.
1317 3407 1410 3484 Vide,
1431 3408 1456 3466 si
1477 3405 1590 3485 placet,
1611 3417 1684 3480 quae

963 3523 1054 3584 supra
1078 3512 1150 3564 tom.
1176 3503 1214 3577 2,
1236 3521 1303 3582 pag.
1325 3501 1394 3564 594.
1416 3517 1479 3578 seq.
1502 3505 1533 3560 et
1559 3513 1636 3576 quae
1656 3496 1683 3551 44

962 3597 1219 3661 Tflououbuuo
1230 3595 1369 3656 dicentur
1382 3615 1388 3655 :
1403 3601 1435 3655 et
1450 3591 1591 3654 iacobum
1610 3591 1685 3649 Lon·

962 3712 1037 3774 gum
1060 3690 1200 3752 1446144414.
1226 3691 1301 3750 illst.
1323 3689 1398 3750 Gall.
1421 3705 1502 3749 num.
1524 3685 1600 3745 6936
1622 3697 1683 3757 seu.

1002 3787 1141 3865 Operum
1165 3784 1313 3862 Gregorii,
1331 3799 1408 3860 quae
1428 3785 1566 3852 exstant,
1587 3768 1687 3836 444144-Ι

963 3897 1026 3940 rem
1049 3877 1211 3939 editionem
1234 3876 1380 3937 debemus
1414 3870 1596 3934 Tbeoolorr’oa
1615 3865 1684 3930 Bul·

963 3977 1062 4048 narlo,
1084 3971 1189 4031 decern
1212 3971 1303 4052 MStis
1335 3967 1495 4030 Godieibns
1515 3979 1584 4035 uso,
1606 3959 1685 4040 (vide

963 4066 1085 4146 praelat.
1109 4064 1136 4142 5.
1160 4063 1227 4124 4444.
1251 4063 1324 4138 seq.)
1347 4077 1424 4138 quae
1446 4061 1474 4118 in
1492 4058 1588 4136 lu‘cern
1610 4054 1684 4114 data

963 4165 1012 4218 est
1032 4157 1151 4224 Parisiis
1174 4156 1260 4216 4699.
1280 4155 1326 4215 lol.
1344 4153 1372 4228 bl
1391 4154 1477 4230 louge
1494 4136 1682 4230 praeferenda

964 4249 1120 4330 prioribus,
1141 4263 1219 4324 quae
1237 4247 1285 4307 vel
1309 4247 1337 4305 44
1353 4243 1682 4308 BibliotheeisPatrum,

1004 4422 1030 4483 4)
1048 4426 1140 4474 14444.
1154 4421 1212 4472 686.
1226 4419 1393 4471 atrebanum
1409 4419 1492 4476 Bura,
1508 4426 1582 4478 444444
1596 4407 1689 4462 refellit

957 4497 1062 4549 carolus
1080 4497 1204 4547 lecolme
1216 4503 1279 4546 4444.
1289 4493 1313 4544 4.
1328 4507 1353 4557 p.
1367 4493 1392 4544 9.
1403 4505 1459 4553 sec.

1001 4573 1028 4631 b)
1047 4571 1152 4621 Journal
1165 4569 1207 4619 des
1224 4571 1318 4620 sarens
1331 4574 1378 4618 44.
1396 4566 1463 4616 lulli.
1481 4576 1539 4628 pag.
1551 4561 1607 4612 466.
1621 4564 1685 4609 sota

230 4652 256 4714 a)
269 4651 383 4702 Bbllonls
395 4655 488 4714 scripta
504 4654 536 4702 ab
549 4667 580 4704 eo
602 4657 690 4704 444444
707 4663 780 4704 versa
799 4656 823 4700 et
839 4651 907 4698 81444
957 4645 1120 4696 Erudltorum
1132 4649 1159 4694 4.
1173 4643 1244 4695 4776.
1254 4655 1312 4705 pag.
1322 4641 1377 4691 4444.
1387 4647 1464 4704 atque
1474 4639 1567 4689 oudin.
1579 4645 1644 4686 tam.
1658 4634 1682 4684 4.

186 4732 226 4776 lv.
238 4729 314 4790 itque
327 4729 477 4777 4444444444
486 4731 550 4777 4444.
560 4727 644 4778 dicata
656 4725 908 4780 serrrtslbllotbscs
955 4734 1013 4783 pag.
1032 4719 1101 4770 1446.
1119 4733 1157 4780 44.
1174 4717 1283 4768 lacobus
1304 4718 1326 4766 le
1345 4721 1413 4778 long
1432 4719 1456 4765 444
1476 4713 1628 4765 4164144644
1642 4712 1688 4760 lli·
1724 4769 1726 4772 ¹

957 4801 1115 4846 storicorum
1135 4793 1224 4846 6414444
1237 4805 1308 4844 nuru.
1320 4791 1392 4843 otas.
1409 4788 1593 4854 plegildum.
