3624 5600
254 115 315 176 tib
881 109 1134 172 thNNES

293 219 463 284 iOhNNES
483 217 607 279 Semeca
628 215 833 289 Teutonicus,
855 217 970 292 ictus,
1027 217 1113 280 bibis.
1130 221 1223 300 lncip.
1242 221 1360 304 Dactybe
1373 222 1536 284 conueniens
1551 223 1649 304 44494444.
1662 227 1698 288 be
1784 277 1785 308 .

256 315 422 393 discipulus
440 311 570 382 Azouis,
587 310 780 386 Praepositus
796 310 825 370 S.
845 309 972 390 Stepha-
1025 312 1161 374 univocis
1178 319 1207 374 et
1221 313 1257 374 cle
1273 313 1441 394 aequivocis
1457 314 1626 378 dictionibus.
1640 319 1702 381 Vide

253 401 863 475 nihalberstadiensis,obitibulbib.
888 405 969 478 (non
1027 406 1189 468 Lelandum
1210 425 1273 486 cap.
1297 409 1362 470 itt.
1385 409 1701 472 Baleumll.9l.Caro
1784 485 1785 490 γ

255 499 341 563 rnen.
370 498 417 557 ver
455 497 551 572 4444)
574 495 610 554 ro
641 495 799 554 neotum
831 495 973 555 aarum
1026 497 1088 561 rum
1112 501 1202 560 visch
1224 519 1251 580 p.
1267 501 1334 562 ssu.
1357 503 1485 564 roseum
1504 521 1530 582 p.
1550 504 1612 563 sss.
1629 521 1684 583 seq.
1784 491 1785 574 j

253 593 371 674 yiossas
392 593 460 651 sive
493 590 616 668 scripsit
647 589 787 666 primus,
809 591 874 650 sive
896 591 972 650 Lau·
1065 591 1236 655 JOANNES
1255 593 1483 672 Sunopimiial.
1500 595 1705 675 despernepas·
1784 595 1785 664 ἶ

251 690 339 748 rentii
356 687 553 758 cremensis,
580 685 707 745 vicentii
724 685 916 744 Castellionei
939 691 971 744 et
1026 701 1077 761 se,
1098 688 1294 765 Sternepusse,
1313 688 1361 748 vel
1379 689 1479 748 4444444
1495 691 1579 750 etiam
1598 688 1706 752 84444444

249 781 382 860 Hugonis
403 779 607 840 vercellensis
629 777 741 855 glossis
756 793 828 838 sues
846 776 971 852 addidit,
1025 779 1144 858 patius,
1167 783 1280 842 Teuta:
1301 781 1371 842 Ord.
1392 783 1490 842 Praed.
1506 785 1578 843 circa
1592 784 1624 842 A.
1642 784 1705 844 4300

251 891 321 935 cum
344 875 470 934 Decreta
498 871 620 950 saepius
641 869 737 931 editas
758 877 789 929 et
810 887 827 930 4
848 869 973 930 Birtha
1027 875 1117 952 cujus
1139 883 1342 937 memorantur
1361 873 1563 954 Commentarii
1590 875 1619 934 in
1634 875 1705 936 Psoi·
1784 953 1785 958 ¹

251 970 368 1029 lomseo
388 967 537 1027 Brixiensi
559 965 686 1044 aliisque
715 964 824 1025 deinde
857 971 973 1025 auctas.
1026 984 1090 1028 mos
1104 974 1135 1028 et
1146 967 1347 1047 Sapientiam:
1364 969 1393 1030 in
1405 970 1450 1030 447.
1463 967 1549 1030 libros
1564 969 1705 1030 Sententia·
1784 1001 1785 1034 r

252 1065 296 1124 De
314 1062 425 1140 quibus
440 1058 550 1121 Burch.
564 1057 702 1120 Gotthell
716 1059 860 1119 Struvius
878 1061 907 1116 in
926 1059 974 1118 lli-
1026 1077 1113 1128 44444.
1139 1062 1329 1138 Quaesb'ones
1349 1061 1380 1124 in
1400 1069 1486 1124 44444444
1515 1061 1706 1141 Philosophum

254 1156 296 1216 bl.
316 1155 400 1216 iuris
421 1154 532 1214 selecta
555 1154 635 1214 Xlll.
664 1155 712 1216 ln.
734 1159 767 1213 44
788 1151 867 1213 Η444.
889 1153 972 1213 iuris
1026 1153 1197 1216 naturalem
1214 1161 1244 1216 44
1265 1155 1295 1215 iu
1315 1153 1423 1216 librum
1439 1155 1474 1216 de
1490 1153 1561 1215 bona
1578 1154 1704 1236 fortuna:
1783 1171 1785 1234 4

253 1265 319 1328 cap.
340 1248 403 1308 llll.
424 1247 451 1326 5.
474 1247 522 1308 st.
544 1247 604 1307 Nic.
628 1247 747 1306 Hieron.
769 1244 974 1324 Gundlingius
1029 1249 1187 1310 Sermones
1207 1247 1243 1308 de
1264 1254 1391 1330 tempore
1407 1255 1434 1309 et
1460 1247 1494 1309 de
1513 1249 1626 1310 sanctis.
1646 1247 1705 1308 44444

258 1339 525 1401 444424444444444
548 1339 766 1417 ,44444444οηί44
798 1337 884 1400 4785.
912 1355 975 1416 aeq.
1030 1341 1173 1404 Jacoburn
1192 1342 1296 1414 Quetii
1313 1350 1382 1403 44444.
1406 1345 1417 1403 4
1443 1359 1469 1420 p.
1492 1341 1555 1402 700.
1784 1349 1785 1388 l

254 1436 297 1495 De
319 1433 443 1494 Semeca
462 1433 715 1511 ipsodiligentius
736 1433 977 1493 llenrieus'lllei-
1071 1433 1241 1496 tutunus
1262 1435 1386 1496 84444444
1405 1435 1576 1495 0444444444
1600 1434 1711 1495 Philoso-
1784 1471 1785 1476 .

255 1527 375 1589 bornius
397 1528 425 1587 in
448 1526 595 1589 Chronico
616 1529 681 1600 :svo
713 1525 974 1600 llarienthalensi,
1031 1527 1110 1605 phus
1132 1527 1248 1606 Anglus
1268 1531 1318 1605 qui
1340 1545 1356 1588 4
1378 1529 1472 1588 Pilseo
1491 1543 1553 1606 pag.
1574 1527 1637 1588 884.
1656 1525 1710 1585 444-

256 1627 329 1680 torn.
352 1620 370 1679 3
392 1622 528 1699 scriptor.
561 1619 662 1680 Germ.
697 1635 762 1698 pag.
786 1619 853 1681 26i.
877 1626 909 1679 et
929 1619 973 1679 44.
1030 1617 1140 1681 44444444
1159 1620 1388 1700 Metapbysicam
1409 1621 1531 1681 traditur
1547 1621 1710 1690 illustrasse,

255 1711 393 1772 Andreas
414 1711 586 1772 Schmidius
608 1714 638 1771 in
660 1714 829 1772 triumviris
851 1711 974 1773 llalber-
1030 1713 1130 1774 senior
1149 1713 1335 1793 appellatur,
1362 1717 1497 1792 quoniam
1519 1714 1572 1775 luit
1598 1721 1628 1773 et
1651 1715 1711 1773 nlius

256 1805 484 1882 stadiensibus‚
505 1806 630 1866 llelmst.
655 1803 723 1866 474.
742 1805 771 1865 S.
791 1805 818 1864 4.
840 1821 906 1887 pag.
925 1805 974 1864 24.
1030 1805 1073 1867 lo.
1090 1807 1220 1867 Seianus
1230 1807 1338 1886 junior
1354 1809 1586 1885 cantabrigensis
1600 1809 1673 1867 eirca
1686 1805 1712 1865 l.
1784 1849 1785 1884 p

258 1913 323 1976 seq.
344 1897 540 1977 Epitaphium
573 1897 640 1975 ejus
675 1897 751 1976 qood
776 1897 974 1959 halberstedi
1030 1903 1118 1964 4553.
1147 1901 1185 1961 de
1211 1919 1324 1980 queen
1343 1901 1468 1961 Lelando
1488 1900 1589 1961 Baleus
1609 1901 1656 1960 lx.
1675 1897 1712 1958 58.
1783 1921 1785 1982 p

256 1991 379 2050 memini
402 2007 451 2050 me
466 1991 589 2066 videre,
611 1993 702 2052 etiam
725 1991 773 2050 hic
794 2007 882 2070 spero
903 2007 973 2052 curn
1028 2001 1060 2054 44
1080 1996 1197 2055 Pincus
1228 2011 1292 2073 pag.
1313 1993 1381 2055 750.
1403 1991 1553 2054 laudantes
1573 1993 1635 2068 ejus
1654 1989 1712 2049 lira
1784 1989 1785 1992 ’

255 2099 328 2163 pace
349 2085 467 2162 legetur
484 2085 629 2145 Levioris.
1031 2085 1186 2159 lecticam,
1208 2094 1239 2148 et
1260 2088 1398 2149 Carmina
1419 2085 1453 2146 de
1473 2087 1502 2148 S.
1524 2083 1714 2156 barbarismis,

268 2220 331 2277 4444,
349 2219 416 2276 erit,
433 2222 511 2279 atquc
525 2215 592 2275 tuit,
612 2219 656 2280 qul
676 2215 752 2266 desllt
767 2227 821 2266 esse
838 2219 964 2267 loannes:
1031 2190 1062 2242 θῑ
1079 2182 1114 2240 Ῐη
1131 2180 1349 2242 σοὙθΜῘῘθηθΜ
1365 2179 1489 2258 misnae
1502 2179 1626 2253 Mam>
1638 2194 1715 2256 ΡΜ·

269 2297 364 2353 uogma
381 2294 459 2354 riget,
478 2294 569 2353 rlgult,
586 2289 725 2340 ssorebltet
741 2291 861 2340 omnibus
880 2294 973 2341 anule:
1029 2275 1225 2356 yyrt'totqttb,
1246 2275 1373 2353 Paplsml
1401 2273 1635 2334 instaurationem
1663 2287 1715 2349 gra-

267 2371 320 2417 tus
337 2371 520 2425 0444444444,
536 2369 763 2424 norvenorum,
780 2368 820 2414 ula
837 2377 936 2415 4444444
948 2374 967 2424 ,’
1032 2370 1175 2430 tutantes,

269 2444 316 2494 ltlc
331 2431 546 2505 incenct'placet
563 2446 591 2490 ut
608 2441 982 2502 racetapoenlsmlssrorum.
1075 2459 1244 2526 JOANNES
1276 2459 1579 2538 Seven-anu3‚13upm
1606 2459 1716 2518 poam„

297 2558 469 2620 JOANNES
500 2559 629 2628 semar,
656 2557 731 2618 inira
763 2557 893 2618 14444444
926 2559 980 2620 So·
1033 2552 1278 2617 sarisberiensis.

259 2651 388 2714 marius.
1073 2647 1243 2710 JOANNES
1263 2646 1383 2710 senato
1403 2651 1467 2707 sive
1487 2644 1654 2708 Severiacus
1668 2643 1715 2703 444-
1784 2709 1785 2714 .

299 2747 441 2824 Magister
452 2741 624 2807 tonsiles
635 2741 720 2806 84444
735 2742 861 2823 inglus,
873 2745 980 2807 (44444-
1034 2743 1121 2820 glus,
1144 2743 1301 2820 utriusque
1323 2744 1403 2802 turis
1423 2740 1569 2801 Professor
1587 2737 1716 2799 04444444-
1783 2719 1785 2790 4

260 2841 411 2916 mutiens,
443 2839 574 2912 llhetor,
603 2841 715 2915 Poeta,
736 2855 774 2898 ex
795 2837 976 2899 Eboracensi
1032 2837 1090 2910 sis⁷
1107 2836 1196 2914 cujus
1214 2837 1356 2896 Lecturus
1374 2831 1612 2908 Ordinarias,et
1629 2833 1715 2891 444444-
1782 2793 1784 2886 4

258 2934 409 2994 canonico
440 2931 540 2992 Abbas
571 2931 725 2992 Fontanus
746 2929 817 2991 Ord.
848 2931 974 2994 Cisterc.
1029 2946 1084 2990 ras
1113 2927 1314 3003 ordinarias,
1336 2936 1367 2988 et
1389 2929 1540 2988 Lecturam
1561 2919 1714 2985 444444444-

257 3028 336 3087 44444
365 3024 423 3086 hu.
457 3025 543 3086 4400.
565 3041 583 3084 4
604 3025 728 3086 Serlone
749 3025 921 3086 Narmanno
945 3033 976 3086 et
1030 3021 1312 3083 reariammemorat
1333 3013 1716 3082 solemnissimum
1783 3073 1784 3082 .

259 3119 440 3196 Presbytero
471 3115 723 3196 distinguendus,
744 3119 864 3197 scripsit
895 3121 976 3180 varia
1031 3119 1150 3178 Pitseus
1171 3133 1236 3196 pag.
1259 3117 1326 3176 884.

259 3213 402 3285 carmina,
417 3229 455 3271 ex
473 3199 585 3288 quibus
600 3209 672 3272 illud
689 3216 795 3271 eontra
807 3211 975 3288 Monachus,
1059 3209 1235 3273 *tunnulis
1251 3207 1385 3288 Sbarpe,
1405 3207 1537 3290 Siarpvs
1557 3208 1616 3267 sire
1634 3201 1713 3266 8444-

257 3310 349 3383 atpne
380 3301 468 3364 aliud
496 3301 532 3363 de
561 3308 708 3364 contemtu
733 3309 764 3365 et
782 3301 976 3366 instabilitate
1026 3301 1330 3388 paeusl’hilosophus
1340 3307 1370 3362 et
1382 3297 1715 3380 Theologushngluscir·

249 3392 365 3458 ‘Mundi
379 3399 496 3458 histum
518 3400 547 3456 in
564 3397 657 3457 variis
672 3397 797 3477 Angliae
817 3403 849 3458 44
865 3397 976 3460 Galliae
1031 3415 1066 3463 44
1081 3395 1137 3458 An.
1152 3398 1237 3459 4300.
1256 3395 1342 3476 cujus
1357 3411 1389 3455 44
1403 3391 1583 3456 Universalia
1595 3396 1623 3451 et
1637 3403 1713 3470 qnae

260 3489 464 3550 bibliothecis.
485 3489 559 3552 Vide
582 3493 703 3568 Leyseri
726 3490 881 3551 historiam
909 3497 977 3568 poll·
1031 3489 1141 3554 stiones
1156 3506 1249 3569 super
1266 3479 1716 3569 librvsl'bysiccmrmriristvtelis

260 3597 329 3641 scos
350 3581 439 3641 medii
468 3586 534 3642 aevi
556 3599 622 3660 pag.
645 3583 712 3644 lus.
735 3583 778 3643 De
800 3579 874 3643 04444
896 3583 974 3644 inter
1031 3592 1062 3646 et
1075 3583 1352 3644 Determinativnem
1366 3581 1599 3644 deSvcrammtv
1612 3573 1711 3637 Aburii

259 3671 375 3734 Scatiae
409 3675 515 3752 iiepem
537 3677 567 3732 et
586 3663 882 3754 Barones'rinpliae,
912 3691 977 3736 444-
1031 3684 1134 3738 contra
1154 3675 1333 3736 Wielesrstas
1355 3675 1465 3734 vidisse
1486 3691 1518 3735 se
1538 3671 1714 3733 testatoris

261 3767 342 3826 rnine
374 3765 564 3844 rhythmico,
587 3765 675 3842 cujus
706 3769 844 3828 initium:
876 3768 980 3830 David
1032 3771 1142 3832 landus
1159 3787 1222 3848 cap.
1242 3769 1311 3866 448.
1330 3767 1442 3828 Laudat
1458 3774 1488 3826 et
1504 3765 1624 3826 Bnovius
1641 3761 1673 3824 ad
1688 3759 1715 3820 t.

261 3857 310 3920 iiie
330 3875 422 3920 manu
443 3855 544 3940 sortis.
565 3859 609 3919 De
629 3866 723 3921 morte
740 3859 912 3924 Sumeriedi
925 3865 980 3925 lic·
1035 3865 1122 3927 4445.
1140 3882 1169 3926 4.
1187 3859 1285 3924 LVlll.
1303 3861 1393 3924 Addit
1411 3861 1517 3920 Baleus
1533 3860 1576 3920 444.
1594 3857 1655 3919 400.
1670 3853 1715 3914 04·

257 3953 305 4033 pis
322 3953 470 4016 livoniae.
494 3954 587 4033 lncip.
606 3953 705 4015 David
724 3957 801 4034 Repe
818 3958 924 4018 mortis
941 3956 980 4017 te-
1035 3958 1176 4018 44444444
1191 3955 1347 4016 lectiones.
1366 3950 1538 4029 (luadb'betv
1553 3945 1715 4017 devorando

256 4063 302 4126 pe.
323 4049 381 4109 4444
399 4049 501 4126 pestes
521 4047 699 4108 monasterii
718 4049 769 4108 sni
789 4049 919 4110 Fontoni
940 4051 978 4112 ad
1036 4047 1211 4130 Quodlibeto
1229 4051 1327 4122 scoti,
1344 4045 1559 4108 Abstraetuma
1575 4043 1670 4118 Burlsy
1684 4036 1715 4098 44

260 4143 414 4220 llugonem
431 4140 469 4201 de
484 4139 680 4207 liirlrestede.
703 4143 881 4208 Monachum
912 4143 980 4204 Ori-
1034 4165 1071 4207 ve
1086 4141 1296 4226 Compendinm
1314 4143 1428 4203 Burlaei
1446 4139 1535 4218 super
1552 4136 1663 4197 litbrm:
1680 4133 1714 4194 44-

257 4235 355 4312 pinem
373 4240 402 4294 et
421 4233 636 4294 incrementum
652 4235 861 4298 bernardinae
881 4241 980 4298 sectae
1034 4240 1122 4302 brurn
1140 4237 1176 4300 de
1193 4235 1396 4298 incarnatione
1421 4231 1523 4308 Verbi,
1544 4231 1577 4292 de
1593 4230 1714 4310 potestne

260 4329 290 4386 in
310 4325 426 4406 Anpliu.
454 4327 531 4388 Vrde
552 4327 695 4390 Vossium
714 4347 779 4407 pag.
799 4331 867 4390 444.
891 4333 978 4394 Cam·
1035 4331 1211 4394 socerdout
1229 4329 1275 4390 De
1293 4325 1477 4389 orubonibus
1493 4329 1672 4392 Sanctorum,
1686 4314 1715 4374 dt

259 4423 438 4482 menturium
449 4421 480 4482 in
496 4419 738 4482 Pentatevcbvm.
754 4423 790 4481 ln
805 4421 978 4484 Orationem
1034 4425 1193 4504 suffrapn's
1213 4423 1373 4483 Victorum.
1393 4419 1558 4496 Questiones
1574 4415 1607 4476 de
1620 4412 1706 4472 44444444

260 4513 464 4594 0444444444,
486 4515 565 4595 quod
601 4515 749 4593 scriptum
771 4517 886 4578 Serloni
908 4519 979 4579 Nor·
1033 4519 1076 4578 De
1086 4515 1264 4599 pluralitate
1274 4513 1494 4594 Beneficiorum.
1511 4513 1551 4572 De
1561 4503 1715 4589 percuriat·

263 4623 372 4666 manno
396 4609 500 4670 tribuit
517 4613 668 4670 Bostonus
690 4611 844 4670 Buriensi's
866 4620 897 4672 et
923 4615 978 4674 Ba·
1034 4613 1131 4688 444444,
1148 4611 1184 4672 de
1200 4608 1373 4672 adoratione
1387 4607 1556 4686 inopinum
1573 4597 1652 4680 Apud
1667 4597 1715 4656 Pit·

262 4699 327 4758 leus
347 4699 428 4760 xlll.
450 4703 497 4762 45.
517 4703 662 4764 Libellum
685 4701 719 4762 de
733 4703 915 4782 proverbiis.
934 4695 977 4769 De
1034 4723 1120 4767 scum
1142 4721 1206 4784 pap.
1225 4705 1292 4764 546.
1309 4701 1429 4781 adjungi
1451 4699 1535 4762 video
1554 4688 1714 4756 0444444444

192 4853 198 4858 .
261 4789 436 4866 differentiis
452 4793 621 4855 verborum.
637 4798 678 4857 Dc
689 4796 867 4862 dictionibus
884 4799 976 4881 ‹lispl-
1000 4819 1008 4830 ’
1032 4799 1270 4873 mecanicum,
1290 4792 1412 4856 Urbium
1434 4800 1463 4854 et
1481 4791 1630 4856 Civilalum
1648 4797 1713 4864 quae
