3624 5600
695 107 957 172 rutilitas
1510 110 1579 172 ’414

92 215 163 276 dam
180 215 414 294 praedictionum
426 215 485 276 tls,
503 218 531 275 in
547 214 621 276 6464.
633 217 704 295 llog.
718 219 810 278 Paris.
866 225 930 278 tres
947 216 985 277 65
1001 221 1109 278 ornatu
1128 217 1328 296 spiritualium
1348 219 1521 296 nuptiarum
1540 219 1587 278 Si-

95 308 169 370 Cod.
182 309 269 370 5665.
281 308 318 368 65
329 301 709 390 quordcm'baluziuspag.
723 310 810 372 ltss.
831 309 834 316 ’
867 311 982 371 mierus
1001 317 1086 371 notat
1099 325 1230 370 excusos
1248 311 1367 370 Parisiis
1385 310 1464 389 apud
1487 311 1584 371 Simo·

92 411 125 464 et
144 401 398 464 commentorium
415 401 447 462 iu
463 402 511 462 W.
534 400 628 463 libros
648 403 813 465 855455445-
867 421 936 466 nem
952 404 1109 464 Goiineum
1126 418 1279 481 ‚aquarum
1296 405 1412 481 primus
1425 404 1463 464 65
1474 411 1583 465 555545

91 513 173 556 mm.
191 497 342 556 Feruntur
359 499 514 574 praeterea
531 494 599 572 rjus
617 495 681 556 iibri
699 496 759 557 duo
774 495 812 558 de
868 499 949 558 54455
966 497 1089 558 moralis
1106 503 1138 558 et
1155 499 1286 572 activae,
1304 498 1460 559 sccundus
1484 498 1522 559 de
1538 517 1585 558 or·

93 586 331 650 consideratione
354 587 479 668 perlutae
506 588 653 650 essentiae
680 589 812 650 55554554
866 598 940 652 natu
957 593 1038 651 ritae
1055 591 1222 670 spiritualis
1237 597 1269 650 et
1284 591 1462 665 5445544555,
1480 599 1512 650 54
1525 599 1585 651 ter·

92 681 219 755 555555,
239 682 374 742 65544555
392 682 479 744 4564.
499 681 703 748 4544667545
722 685 750 743 8.
768 692 813 744 at-
866 687 928 744 4455
957 683 995 745 65
1022 691 1131 745 ornatu
1162 685 1243 744 54455
1265 685 1530 762 superessentialis
1553 693 1585 745 54

92 793 154 854 que
166 777 194 834 in
208 775 326 835 4655455
336 775 476 853 55555455
486 775 568 836 56445
576 776 811 854 arcebuntur.
865 779 1129 857 contemplativae.
1144 777 1223 840 Edlti
1237 777 1328 838 iidem
1348 781 1438 839 etiam
1454 779 1513 839 sub
1525 781 1586 840 llu-

90 869 289 946 etdrgentor.
307 869 396 930 4643.
408 871 495 930 4659.
510 871 539 929 8.
556 876 588 928 et
601 869 714 931 Gallice
730 871 812 934 versi
840 945 841 950 γ
865 857 951 932 56554
960 872 1082 932 nomine
1099 873 1219 933 inerant
1236 872 1273 933 56
1291 857 1417 933 44555455
1431 872 1584 952 Stephano

90 960 270 1022 5644545545
282 961 426 1022 65445555
443 961 536 1042 bugd.
550 963 680 1024 45496
700 963 744 1025 445
758 963 815 1024 tri·
865 967 956 1026 Paris.
990 967 1077 1028 rata.
1106 983 1184 1044 5555
1212 965 1410 1044 6555655546
1439 981 1507 1028 5555
1522 965 1585 1042 jam

94 1051 153 1116 dus
169 1052 243 1114 cleis
262 1053 437 1129 5544555444,
456 1053 534 1116 liber
551 1055 628 1118 45556
644 1063 675 1118 54
692 1057 729 1140 de
744 1075 812 1118 rou
865 1059 980 1136 pridem
1005 1061 1121 1120 notarit
1143 1059 1282 1120 Valerius
1306 1057 1443 1120 Andreas
1468 1077 1495 1138 p.
1516 1059 1585 1121 656.

90 1145 219 1227 fectum
234 1147 621 1230 tapluurltlouplorum
644 1152 724 1212 inter
739 1154 812 1213 scri-
866 1152 940 1213 6464.
951 1153 1097 1230 Belgicae.
1115 1151 1172 1213 Sed
1192 1157 1222 1210 54
1238 1154 1430 1231 perspicuum
1446 1159 1494 1211 554
1506 1151 1585 1230 Ope·

90 1248 197 1319 ptores
210 1241 249 1302 do
265 1247 331 1302 arte
347 1241 521 1304 4455555455
537 1251 569 1303 54
585 1243 708 1305 Secreto
723 1249 812 1306 5545-
864 1261 896 1305 55
913 1243 1037 1305 4555545
1055 1243 1224 1306 4454655644
1235 1261 1314 1324 5555
1333 1245 1411 1306 idem
1437 1246 1585 1308 simlerus

89 1349 147 1394 rue
174 1335 256 1398 ldSS.
285 1337 315 1394 45
343 1333 417 1396 6461.
445 1335 598 1397 tenensi
615 1339 693 1400 inter
720 1337 811 1398 libros
864 1337 955 1398 tradit
969 1339 1110 1399 Coloniae
1124 1337 1204 1398 edila
1217 1337 1270 1398 do.
1285 1339 1372 1399 4552.
1386 1353 1445 1398 555
1462 1337 1519 1398 5445
1537 1355 1585 1398 es-

6 1465 10 1476 .
89 1427 264 1488 Vossianus.
287 1425 373 1488 4665
390 1429 586 1508 Couunginm
608 1429 647 1490 65
666 1426 812 1493 Medicina
863 1445 897 1489 55
911 1447 927 1490 5
942 1431 1140 1508 6555655564
1151 1431 1294 1510 operibus
1309 1448 1362 1510 per
1375 1431 1497 1492 Surium
1517 1431 1584 1492 554-

90 1519 263 1581 44555554455
285 1535 351 1599 cap.
372 1523 437 1583 XV.
459 1538 524 1602 pag.
548 1523 616 1585 447.
637 1539 700 1603 555·
863 1527 960 1602 galis,
986 1534 1018 1585 ut
1038 1527 1146 1586 mirum
1166 1527 1206 1584 544
1232 1525 1312 1585 54456
1332 1523 1426 1586 546554
1448 1527 1583 1604 potuisse

127 1609 811 1694 turbulisuuysdroclusucrmanus,rrlor
864 1616 1013 1678 lloriierio
1031 1619 1150 1678 iloctori
1169 1619 1354 1692 Surbonico,
1373 1617 1495 1678 4544655
1514 1617 1584 1678 654-

87 1709 311 1770 canonicorum
333 1708 518 1785 regularium
540 1711 647 1771 5454645
668 1712 757 1772 554445
779 1715 809 1772 ln
863 1710 920 1770 4455
936 1709 1017 1770 56445
1034 1713 1126 1772 Paris.
1145 1718 1176 1771 et
1195 1707 1400 1788 liagae'ildb.
1415 1710 1462 1771 44.
1478 1711 1583 1771 655545
1702 1759 1707 1770 .

86 1803 268 1875 brabantia,
297 1801 528 1864 Cameracensis
555 1804 722 1881 dioecesis,
752 1807 810 1867 445-
862 1801 899 1862 65
915 1803 1085 1864 litterature
1100 1821 1177 1884 pour
1194 1805 1222 1864 45
1237 1805 1455 1864 connaissance
1476 1803 1532 1864 655
1548 1805 1584 1863 44-

87 1901 156 1956 clor
176 1893 302 1957 Divinus
323 1901 353 1956 54
372 1897 482 1956 Ductor
507 1891 694 1973 6554544555,
716 1907 809 1980 54555
863 1912 935 1958 5555
949 1899 1047 1970 ,44545
1062 1897 1090 1957 6’
1102 1897 1181 1958 5544
1196 1914 1224 1976 p.
1243 1897 1312 1959 449.

87 2008 104 2052 a
123 1993 267 2068 Dionysio
284 1990 424 2052 Caribus.
443 1989 523 2051 oller
536 1991 698 2072 Dionysius
717 1994 810 2054 Areo·
901 1988 925 2050 il
945 1990 1062 2051 Valerio
1077 1989 1197 2050 5456555
1214 2034 1221 2064 ,
1240 1991 1450 2068 Sweertioqne
1468 2005 1583 2051 memn-

83 2081 195 2164 pugiiu
219 2083 405 2162 appellatus,
427 2083 507 2144 diam
538 2085 612 2145 obiit
641 2087 693 2146 45.
719 2073 808 2150 4364.
850 2089 948 2144 ratur
964 2085 1054 2144 etiam
1072 2084 1146 2144 liber
1162 2081 1281 2144 654444.
1294 2081 1434 2163 65564545
1450 2101 1504 2146 sut
1518 2085 1582 2145 uir-

6 2245 7 2252 *
38 2218 45 2234 .
85 2179 115 2238 2.
139 2179 213 2238 4455.
233 2179 343 2238 aetatis
364 2177 411 2238 88.
430 2178 504 2240 Vide
521 2179 721 2243 'trithemium
743 2201 809 2263 cap,
860 2173 981 2256 pinibus
995 2176 1225 2252 6606555445,
1252 2183 1389 2239 45554555
1411 2177 1449 2240 65
1472 2179 1585 2258 duplici

87 2271 160 2331 676.
182 2269 221 2330 da
241 2271 273 2331 s.
293 2272 326 2332 Ε,
350 2279 382 2331 et
403 2272 515 2334 ebron.
536 2275 693 2353 Hirshaug·,
713 2275 751 2336 aa
773 2276 807 2338 Α,
862 2271 926 2330 5445
948 2269 1099 2348 bominis,
1117 2273 1353 2351 contemplativa
1371 2279 1402 2331 54
1416 2273 1525 2333 554455.

88 2363 179 2424 43446.
203 2371 278 2424 tom.
296 2363 325 2425 2.
351 2379 416 2443 pag.
440 2365 510 2425 4446.
532 2372 563 2426 et
590 2366 629 2427 65
656 2370 809 2447 scriptori·
905 2363 1079 2442 Antequam
1104 2363 1142 2425 ad
1169 2364 1302 2425 viridem
1333 2365 1464 2440 vallem,
1496 2367 1585 2426 tertio

85 2459 146 2519 bus
168 2457 270 2518 Germ.
285 2473 311 2516 5.
330 2457 400 2519 434.
415 2459 483 2518 Vita
503 2456 571 2535 ejus
592 2461 704 2539 scripta
720 2477 737 2522 a
755 2463 811 2523 Ca·
865 2455 928 2516 iere
949 2455 1047 2536 lapide
1068 2473 1084 2518 a
1105 2459 1248 2520 bruxella
1266 2458 1355 2519 sitam
1372 2475 1405 2519 se
1420 2460 1585 2531 conterret,

86 2552 198 2612 nonico
219 2550 347 2629 regulari
366 2550 540 2628 anonymo,
556 2551 705 2631 Operibus
726 2569 812 2632 prae·
866 2549 1024 2610 655554455
1041 2553 1126 2628 prius
1142 2551 1332 2629 Presbyteris
1345 2553 1450 2631 templi
1465 2551 1586 2612 maioris

87 2641 238 2713 mittitur,
253 2645 284 2698 et
300 2640 480 2701 Germanice
497 2642 588 2702 etiam
607 2641 716 2720 iegitur
733 2645 812 2704 inter
865 2642 1036 2722 adscriptus
1054 2643 1215 2704 nefandam
1234 2661 1270 2704 ac
1291 2661 1465 2724 veneream¹
1480 2647 1586 2706 mulie-

84 2737 175 2797 Vilas
196 2735 319 2794 Petrum
340 2749 356 2794 a
375 2733 518 2796 Godlrido
543 2733 676 2795 Arnoldo
693 2735 810 2812 editas,
865 2735 907 2794 ris
928 2733 1113 2812 cujusdam,
1141 2743 1342 2815 cognomento
1372 2737 1585 2798 Blomurdiuue

85 2836 175 2908 parte
191 2826 336 2888 secunda.
356 2827 474 2906 Scripta
494 2829 589 2889 multa
615 2843 631 2889 a
659 2831 811 2908 6555655
864 2827 1001 2888 haeresin
1021 2827 1179 2908 jugulasse
1201 2845 1237 2890 ac
1262 2831 1351 2891 55454
1370 2831 1399 2889 45
1417 2830 1510 2890 barba
1534 2847 1585 2908 op·

83 2923 155 2984 chlo
173 2937 313 2981 sermone
331 2922 497 2982 Teutonico
522 2923 588 2983 5455
613 2923 749 3002 Belgica:
772 2939 809 2984 55
864 2925 1013 3001 pressisse
1043 2921 1174 2983 traditur
1205 2939 1222 2983 5
1254 2924 1363 2984 4645555
1381 2926 1409 2985 45
1429 2925 1573 2985 55545545.

6 3007 14 3082 Γ,
83 3017 206 3096 Belgica
227 3016 327 3094 lingua
356 3017 459 3076 Latine
474 3017 623 3094 quaedam
650 3021 810 3102 uerterunt
903 3017 951 3079 65
969 3017 1048 3078 Surii
1068 3017 1183 3077 Latinis
1202 3016 1380 3078 6555555455
1396 3033 1486 3078 55555
1502 3018 1585 3096 4455-

84 3109 243 3171 Gerardus
259 3111 405 3189 Magnus,
423 3109 501 3170 Guil.
522 3111 694 3184 terdenus,
711 3119 811 3174 caete-
864 3109 972 3170 sbroku
991 3127 1098 3190 opera,
1114 3113 1282 3190 interprete
1297 3111 1331 3171 G.
1349 3111 1372 3172 4.
1390 3113 1422 3172 C.
1441 3110 1584 3189 editaque

87 3221 118 3264 ra
139 3203 325 3264 Laurentius
339 3201 456 3278 Suriae,
472 3206 523 3282 qui
541 3205 665 3266 collecta
678 3207 809 3285 undique
865 3221 881 3263 5
896 3201 1038 3265 65645465
1055 3203 1189 3266 drncldo
1211 3203 1363 3266 Offenbaci
1386 3203 1423 3265 ad
1446 3205 1584 3266 Moenum

80 3297 218 3375 iunctim
236 3296 330 3357 edidit
343 3297 452 3358 colon.
470 3299 558 3360 4554.
577 3300 626 3362 454.
641 3316 749 3364 recusa
764 3303 811 3360 in·
846 3345 849 3354 .
865 3295 952 3359 4764.
967 3301 993 3359 l.
1005 3300 1114 3361 Conler
1126 3297 1295 3380 45655554
1307 3297 1432 3359 6555564
1445 3297 1584 3373 diarium,

83 3391 122 3452 de
140 3389 212 3450 ibid.
232 3389 320 3468 4609.
339 3393 364 3450 4.
383 3398 414 3452 54
430 3391 521 3452 lasa.
537 3393 585 3452 454.·
601 3395 810 3455 liecenscnlur
863 3391 1063 3468 blonatbliche
1087 3391 1252 3472 basrege,
1280 3391 1335 3452 dn.
1369 3391 1457 3454 l'illl.
1479 3409 1584 3455 mense

6 3539 8 3542 .
85 3485 135 3548 4445
155 3484 309 3566 5456655
325 3491 397 3546 tom.
425 3487 436 3545 4
460 3501 527 3564 pag.
556 3487 623 3546 664.
643 3485 809 3549 Warlbnno
864 3485 1027 3547 iio‘vembri
1046 3475 1120 3569 pag:
1134 3488 1182 3547 65.
1202 3503 1265 3564 seq.

85 3578 123 3640 ad
147 3579 284 3640 Caveum
301 3577 339 3638 ad
354 3578 389 3639 Α.
411 3579 495 3641 4366.
512 3579 654 3642 65645465
672 3580 808 3660 Arncldo
903 3579 1131 3659 lluysbrocbius
1154 3583 1183 3639 in
1206 3581 1281 3641 libro
1298 3583 1388 3642 tertio
1412 3581 1452 3642 dc
1477 3589 1585 3644 ornatu

88 3675 117 3734 iu
137 3672 264 3732 65545545
292 3671 468 3751 theologiae
484 3674 629 3752 Mysticae
646 3691 713 3754 pag.
741 3677 810 3738 366.
865 3673 1066 3752 spiritualium
1085 3675 1265 3752 Nuptiarum
1284 3677 1371 3736 visus
1388 3683 1454 3735 erat
1468 3675 1587 3737 docuis-

87 3781 155 3844 seq.
175 3765 271 3842 igiter
294 3765 383 3826 liceat
400 3766 488 3827 mado
511 3783 634 3828 monere
651 3767 811 3850 Speculum
865 3759 898 3828 sc
919 3765 1058 3828 Animum
1080 3765 1217 3848 perfectu
1246 3765 1489 3848 contemplatione
1517 3769 1590 3828 Dii!

87 3857 201 3921 solutis
227 3863 367 3919 aeternae
384 3859 486 3921 italice
504 3863 595 3922 etiam
615 3877 738 3922 versum
766 3865 811 3922 vi·
865 3877 922 3919 uon
938 3858 1034 3921 solum
1048 3859 1151 3922 uidere
1168 3877 1236 3920 eum
1246 3877 1304 3940 per
1325 3859 1586 3938 claritatemquue
1640 3875 1643 3884 ·

88 3953 174 4016 disse
195 3953 295 4014 lucrm
312 3953 449 4014 Venetiis
465 3953 552 4016 4565.
573 3955 666 4015 forma
686 3956 811 4030 minore,
865 3957 911 4014 est
938 3952 1048 4013 4445455
1079 3953 1224 4026 essendo,
1255 3949 1310 4012 556
1334 3949 1464 4029 praedam
1498 3949 1583 4010 modo

88 4045 257 4109 4455565455
274 4047 369 4107 lloseo
388 4048 561 4126 interprete.
576 4049 617 4110 El
638 4065 657 4108 a
679 4045 812 4110 6555565
867 4053 1038 4107 5555454455
1056 4063 1092 4105 ec
1107 4045 1178 4125 fieri
1189 4051 1219 4105 54
1234 4041 1321 4104 adire
1335 4043 1365 4102 in
1380 4043 1476 4123 455555
1493 4043 1587 4104 clari-

88 4143 199 4220 biagno
224 4155 295 4200 esse
323 4139 461 4200 Latinam
483 4141 656 4202 ¹uersionem
686 4141 751 4202 libri
776 4140 813 4202 de
868 4138 1133 4209 memilianum,
1151 4135 1191 4196 56
1209 4135 1457 4218 ejusqueudpsso
1481 4135 1587 4196 obsor-

91 4239 204 4316 sepum
220 4230 370 4312 95564655
382 4231 524 4295 Amoris:
542 4253 558 4295 a
579 4233 728 4296 Guilelmo
750 4237 814 4297 lor·
868 4231 940 4294 6554.
961 4235 1020 4296 4455
1037 4231 1274 4310 oppugnandum
1293 4230 1348 4289 sibi
1368 4231 1480 4290 sumsit
1497 4233 1587 4291 loan-

94 4327 176 4390 dano
201 4335 304 4390 autam
328 4327 613 4392 commentariorum
628 4328 657 4390 45
674 4327 814 4390 4565555-
870 4343 925 4388 555
946 4325 1061 4388 655555
1076 4343 1084 4384 .·
1099 4342 1116 4385 5
1133 4325 1247 4386 455555
1265 4322 1303 4384 65
1321 4321 1528 4384 Schoenbavia
1544 4330 1588 4410 45-Ι

93 4420 197 4483 crolum
221 4421 313 4484 445545
326 4427 356 4484 44
367 4421 410 4482 ccl
424 4420 499 4483 iliud
508 4423 708 4502 5554655565,
732 4434 763 4485 54
781 4425 815 4485 li·
870 4437 939 4482 men
955 4419 1063 4480 deinde
1076 4421 1220 4494 monitus,
1237 4419 1266 4478 in
1283 4417 1375 4478 altera
1392 4418 1588 4494 responsione

94 4516 218 4577 bromm
241 4515 292 4576 444.
314 4513 351 4576 65
375 4515 488 4596 nuptiis
509 4514 739 4596 spiritualibus,
761 4531 816 4576 nee
870 4527 925 4574 555
940 4513 1052 4573 4545455
1064 4511 1306 4590 iluysbrocbinm
1322 4509 1436 4570 diserte
1452 4510 1522 4570 alibi
1535 4527 1588 4590 po·

94 4627 157 4673 non
175 4614 324 4670 tractatus
346 4607 382 4669 65
411 4607 525 4670 calculo
553 4611 619 4671 sive
633 4607 816 4690 perfectione
871 4623 941 4667 nere
958 4604 1040 4685 5556
1059 4609 1204 4666 creatura
1224 4601 1305 4664 nullo
1326 4601 1410 4662 modo
1424 4601 1529 4682 perdit
1539 4619 1585 4666 es-

93 4702 230 4783 fiiiurum
242 4701 322 4764 DEI.
334 4705 438 4783 Neque
449 4720 466 4764 a
479 4701 664 4766 6556555645
674 4702 817 4764 64555555
871 4717 903 4762 55
914 4715 1003 4760 suum
1017 4697 1098 4778 quod
1106 4695 1193 4760 45654
1207 4697 1238 4758 in
1249 4695 1374 4778 propriu
1385 4713 1502 4776 genere.
1514 4697 1588 4760 Cae-

97 4795 259 4859 babcndns
275 4797 405 4860 inermes
435 4793 605 4873 utalaae,
619 4794 709 4876 cujus
725 4796 816 4857 libros
870 4803 980 4870 torum,
998 4795 1077 4853 siout
1099 4800 1184 4852 notat
1203 4789 1379 4868 Gemonios,
1395 4808 1432 4852 ex
1451 4794 1585 4852 55555445
