3624 5600
270 200 316 260 45.
340 195 356 275 5
379 197 406 256 6.
428 196 507 274 quod
539 196 676 274 pluribus
711 197 815 276 probat
847 198 986 261 Oudinus
1045 199 1138 272 notis,
1156 196 1351 278 subiunctum
1369 201 1506 262 lornandi
1526 219 1585 282 pag.
1599 206 1709 272 40444·

267 298 340 352 tom.
363 294 374 352 4
401 308 466 370 pag.
490 290 577 350 4586.
597 307 661 368 seq.
1042 291 1090 368 gd.
1112 295 1146 352 B.
1164 291 1250 355 4537.
1269 295 1297 353 8.
1315 299 1429 354 etcum
1445 297 1586 358 loruande
1601 317 1629 360 ac
1644 303 1709 364 Paulo

308 384 354 445 40.
376 384 418 444 De
438 388 551 442 444444
571 401 678 444 rerum
699 386 774 446 liber
795 386 831 446 ad
863 389 986 449 Sisebu-
1030 384 1231 461 ,Warneirido
1250 385 1325 444 Frid.
1346 385 1558 467 Lindenbrogii,
1575 407 1599 468 p.
1616 394 1709 454 484444

267 484 332 538 tum
354 479 485 555 Regem..
508 495 574 555 pag.
593 479 662 538 440.
682 481 734 539 4444
751 487 799 538 444
816 477 985 540 444444444-
1043 479 1206 538 Vulcanius
1217 495 1281 557 pag.
1294 479 1624 560 astetttnoenbrogtos
1633 487 1710 546 llamb

206 582 211 594 ·
264 588 335 630 rum
353 572 382 629 in
398 567 546 632 Chronico
565 573 806 648 Fontanellensl,
819 573 984 635 Trithemio
1042 571 1109 632 464.
1122 573 1214 632 breve
1226 571 1507 651 Chronicanliegom
1519 575 1709 655 Wisigotharum

263 681 327 742 cap.
345 665 405 726 434
434 663 694 746 Cosmopraphia:
712 667 779 726 aliis
796 665 832 726 de
847 665 983 742 Mando,
1040 663 1216 742 adjunxere.
1246 668 1343 744 Longe
1372 667 1551 728 emendatior
1577 678 1606 730 44
1625 675 1710 732 auctior

263 758 312 818 vel
329 757 557 820 Astronomions
574 761 639 818 sive
656 759 692 820 de
708 759 817 820 444444.
831 768 861 820 44
873 761 901 820 in
913 759 985 820 edit.
1042 757 1165 818 historia
1183 758 1231 819 illa
1246 767 1346 820 exstat
1362 763 1392 820 iu
1410 762 1537 840 llugonis
1550 761 1632 823 Grotii
1646 765 1711 824 colle-

261 851 439 929 Augustana
456 851 544 913 4474.
560 853 607 912 444.
623 851 658 912 de
669 852 865 932 responsione
878 851 988 914 Mundi
1040 853 1139 911 ctione
1158 868 1259 914 rerum
1271 853 1472 928 Gothicomm,
1483 854 1635 917 horstelod.
1646 859 1710 918 4655.

261 951 291 1004 44
309 944 497 1006 ordinatione
518 949 685 1006 astrorum.
710 945 785 1008 Vide
808 948 870 1007 llio.
892 945 986 1006 huto
1040 945 1068 1002 8.
1087 961 1153 1022 pag.
1171 944 1239 1004 707.
1258 953 1289 1005 44
1307 948 1335 1005 44
1353 947 1475 1026 Philippi
1505 949 1604 1010 Lebbei
1631 949 1710 1009 ltiblio

262 1041 347 1101 nium
370 1045 443 1100 tom.
467 1043 493 1101 4.
511 1039 585 1100 Bibl.
606 1047 666 1100 vet.
688 1039 811 1118 Hispan.
830 1057 895 1118 pag.
913 1040 984 1104 453.
1041 1036 1128 1103 theca
1152 1055 1230 1098 nove
1262 1039 1410 1100 llStorum
1432 1057 1495 1117 pag.
1518 1031 1563 1103 dl.
1585 1058 1641 1119 seq.
1654 1049 1679 1102 et
1690 1043 1709 1100 in

261 1135 341 1195 Sanc
362 1149 421 1192 non
442 1131 687 1198 corttemnendum
710 1131 907 1212 opusculum,
941 1135 985 1192 in·
1040 1129 1169 1207 hgvirrii
1188 1131 1327 1192 conciliis
1341 1133 1575 1211 Hispaniaetom.
1594 1135 1611 1194 4
1629 1136 1710 1213 4403.

260 1229 327 1306 quit
345 1227 514 1287 Scriverius
531 1225 567 1286 ad
583 1227 698 1304 Vegetri
712 1229 806 1288 V.ll.
819 1234 849 1286 44
861 1225 983 1305 dignum
1040 1239 1105 1299 seq.
1125 1223 1193 1284 vide
1211 1225 1270 1284 Nic.
1290 1225 1452 1286 Antonium
1470 1234 1491 1285 4.
1510 1230 1537 1288 4.
1559 1245 1583 1304 p.
1600 1227 1711 1303 idhseq.

263 1318 329 1379 Viri
347 1318 428 1378 docti
446 1335 586 1378 censura.
608 1318 703 1380 414444
737 1317 865 1392 indidem
896 1317 983 1398 frop·
1081 1317 1127 1376 43.
1147 1313 1235 1376 Liber
1251 1318 1452 1397 proemiorum
1468 1318 1503 1379 de
1519 1317 1710 1398 librisquosin

260 1418 360 1472 menta
381 1411 514 1490 Nigidii,
541 1413 705 1488 Varronis,
727 1411 859 1473 Suetonii
890 1413 984 1470 Tran-
1040 1409 1163 1470 Conone
1184 1412 1290 1488 recipit
1307 1412 1439 1472 Ecclesia
1455 1414 1612 1488 Catholica,
1631 1411 1711 1473 Veteris

261 1504 350 1584 quilii
370 1511 400 1565 et
418 1504 551 1566 aliorum
572 1503 753 1564 hauriendo.
1039 1518 1105 1580 pag.
1125 1501 1193 1562 478.
1207 1507 1238 1562 44
1252 1503 1321 1564 4444
1335 1506 1498 1566 testamenti
1508 1523 1569 1585 pag.
1583 1507 1643 1568 484.
1652 1507 1712 1577 Quae

300 1601 350 1660 44.
371 1598 539 1661 chronicon
559 1599 596 1658 ab
617 1601 733 1676 origine
756 1615 857 1658 rerum
883 1615 981 1675 usqne
1039 1595 1129 1654 444444
1149 1612 1185 1655 44
1207 1603 1340 1675 tempore
1361 1602 1508 1660 sententia
1525 1601 1661 1660 Ecclesiae
1673 1598 1714 1658 04·

154 1725 156 1728 -
262 1690 299 1752 44
333 1709 448 1753 annum
483 1694 624 1770 quintum
657 1690 733 1769 lmp.
766 1691 919 1765 Heraclii,
950 1698 982 1750 44
1037 1687 1194 1750 cidentalis
1215 1687 1252 1751 444
1273 1692 1392 1753 Cannae
1413 1693 1549 1754 librorum
1571 1707 1711 1761 sacrorum,

260 1786 407 1865 Principis
428 1787 581 1860 sisebuti,
604 1803 674 1847 cum
697 1789 777 1846 uotis
800 1783 931 1846 Garcioe
945 1784 981 1846 de
1036 1799 1075 1842 ex
1099 1782 1156 1842 hoc
1177 1784 1303 1862 aliisquo
1326 1786 1427 1846 isidori
1450 1788 1566 1864 scriptis
1592 1786 1705 1861 benepo

260 1878 388 1954 Loarsn,
409 1897 448 1939 44
470 1879 541 1940 edit.
564 1879 740 1940 bladritensi
1036 1883 1098 1936 test
1121 1877 1264 1954 intelligi,
1283 1885 1317 1938 44
1332 1880 1446 1939 notavit
1462 1878 1621 1940 4444444444
1635 1877 1713 1936 Simon

300 1974 423 2033 Praeter
438 1989 502 2033 rem
518 1972 574 2034 hoc
590 1965 762 2034 chronicon
786 1971 836 2032 alri
859 1970 897 2031 ad
917 1971 981 2033 lSl-
1037 1973 1065 2030 in
1082 1971 1217 2032 Censura
1234 1971 1307 2032 Bibl.
1326 1971 1713 2049 Ecclesiasticaellupinianae

256 2066 387 2128 DOHUltl
405 2067 568 2126 Panerotem
585 2071 740 2127 auctorem
757 2064 903 2125 retulere:
919 2065 979 2125 Hu-
1035 2071 1107 2124 tom.
1130 2066 1156 2125 4.
1174 2082 1238 2143 pag.
1255 2067 1322 2128 454.
1342 2083 1404 2143 seq.
1422 2068 1471 2144 qui
1489 2068 1574 2126 etiam
1593 2083 1652 2144 pag.
1664 2064 1714 2123 450.

253 2159 305 2236 jus
327 2176 399 2219 vero
421 2165 526 2219 auctor
548 2159 690 2220 Chronici
712 2155 836 2236 perinde
859 2163 891 2217 ut
925 2157 978 2216 lsi·
1033 2173 1098 2234 seq.
1119 2165 1203 2218 notat
1235 2157 1369 2220 Latinam
1400 2161 1564 2220 versionem
1598 2159 1714 2218 libmrum

256 2251 349 2313 dorus
365 2253 552 2330 Hispalensis
570 2253 604 2312 V.
624 2253 677 2311 414.
689 2251 897 2328 etymologiar.
910 2267 977 2332 pro·
1035 2251 1213 2311 Hiblicorum
1247 2268 1306 2311 non
1338 2267 1457 2331 semper
1485 2253 1714 2329 hieronymianam

257 2345 361 2407 htetur
379 2360 412 2404 se
431 2347 568 2422 vestigiis
586 2346 727 2404 insistere
745 2344 815 2403 tulii
829 2343 976 2418 Africani,
1033 2345 1133 2420 sequi,
1155 2344 1208 2405 sed
1232 2345 1319 2406 aliam
1337 2345 1480 2422 subinde,
1509 2348 1549 2406 uti
1567 2348 1594 2404 in
1610 2343 1715 2404 Psalmis

255 2437 402 2510 Eusebii,
424 2435 601 2514 Hieronymi
635 2444 665 2497 et
696 2437 825 2497 Victoris
853 2439 978 2498 444444-
1034 2437 1202 2498 4444444444
1235 2440 1302 2498 sive
1333 2439 1467 2500 italicum
1496 2433 1716 2508 antonianae
1777 2453 1779 2468 ¹

256 2533 371 2591 nensis.
395 2530 569 2591 Prodierant
590 2529 624 2590 A.
650 2529 738 2591 4477.
761 2531 828 2590 sub.
861 2533 907 2590 444.
942 2529 978 2592 444
1033 2545 1093 2606 quo
1115 2531 1183 2592 vida
1203 2535 1314 2594 Bonam
1337 2534 1372 2592 44.
1395 2534 1421 2592 3.
1454 2549 1550 2593 rerum
1579 2529 1717 2606 liturgica.
1777 2593 1779 2608 ⁴

272 91 333 152 too
878 89 1146 152 rstuonus

1777 2475 1779 2550 l

1778 2671 1779 2742 t

259 2619 458 2704 temporibus:
472 2630 504 2684 44
515 2641 584 2684 cum
601 2622 746 2684 Gerhardi
761 2625 934 2684 Mercatoris
948 2632 979 2684 et
1033 2630 1065 2682 et
1086 2625 1148 2685 Nic.
1169 2623 1332 2686 Antonium
1356 2633 1426 2686 tom.
1450 2629 1477 2686 4.
1498 2637 1559 2702 pag.
1580 2623 1643 2682 464.

254 2717 394 2778 Matthaei
407 2715 543 2777 Beroaldi
557 2713 770 2794 Chronolopin,
785 2717 874 2776 Basil.
890 2715 978 2777 4577.
1073 2715 1121 2778 tt.
1145 2718 1367 2780 Commentario
1393 2720 1545 2796 allegorica
1579 2724 1609 2776 et
1639 2714 1715 2772 vicina
1778 2745 1779 2808 t

254 2813 283 2870 8.
305 2828 357 2891 per
374 2810 520 2872 Thomam
536 2810 714 2870 Gvarinum.
734 2811 767 2870 ln
785 2807 842 2870 MS.
859 2811 979 2871 Vossia-
1033 2813 1069 2871 iis
1090 2829 1168 2889 quae
1190 2815 1268 2873 inter
1289 2812 1434 2873 Eucherii·
1446 2818 1474 2872 et
1489 2809 1580 2871 Bedne
1595 2825 1675 2888 opera
1687 2805 1716 2864 le·
1778 2811 1779 2862 t

254 2922 293 2965 no
314 2905 388 2966 Bibl.
407 2901 564 2963 Leidensis
583 2903 758 2962 inscribitur
774 2900 925 2963 Chronico
943 2901 979 2964 444
1034 2911 1169 2982 guntur,
1191 2909 1256 2965 sive
1288 2906 1480 2981 Quaestiones
1511 2909 1539 2966 et
1565 2901 1717 2980 mptioumn

252 3014 312 3057 sem
332 2993 440 3057 Mundi
457 2991 629 3054 aetatibus:
651 3001 683 3054 44
700 2998 729 3053 44
750 2996 823 3073 ipsis
838 2987 977 3074 paginis,
1032 2998 1236 3078 empositinnes
1253 3001 1515 3062 sacramentorum
1533 2996 1561 3056 in
1574 2997 1656 3057 Vetus
1667 2993 1717 3051 ier·
1778 3053 1779 3080 ᾖ

251 3087 489 3170 4444944444444.
520 3084 773 3148 Abbreuationem
812 3089 977 3168 temporum
1033 3097 1213 3152 lomentum:
1236 3093 1393 3171 inquibus
1424 3099 1525 3152 auctor
1544 3092 1583 3150 ait
1603 3105 1635 3148 se
1652 3101 1718 3145 sum
1778 3081 1779 3160 ]

221 3263 224 3271 .
254 3191 343 3243 vocat
363 3185 544 3259 hnooymus
566 3181 746 3241 llellicensis
769 3198 834 3259 cap.
857 3183 906 3244 46.
1037 3187 1116 3246 44444
1137 3185 1215 3245 dicta
1233 3183 1272 3244 ab
1291 3184 1429 3262 0449444,
1447 3183 1597 3256 Victorino,
1614 3175 1718 3240 Ambro-
1778 3217 1779 3224 .

293 3277 339 3338 44.
363 3273 499 3335 Historia
520 3273 582 3333 siue
605 3271 776 3334 chronicon
800 3271 974 3336 Gothorum.
1031 3277 1094 3352 sio,
1127 3278 1328 3357 Hieronymo,
1363 3276 1524 3350 Cassiano,
1555 3273 1716 3352 digestim,

252 3387 317 3447 pag·
339 3367 410 3428 474.
432 3367 560 3428 abacta
584 3368 667 3444 Hisp.
687 3369 720 3428 44
730 3369 757 3428 4.
780 3367 825 3444 (Α.
847 3369 879 3430 C.
899 3368 976 3444 476.)
1031 3369 1209 3450 Fnlpeutr'o,
1227 3387 1263 3432 44
1294 3370 1406 3430 nostris
1428 3369 1577 3448 insigniter
1598 3359 1716 3443 tempori-

251 3459 408 3540 usquead
432 3465 561 3520 mortam
596 3460 729 3522 Sisebuti
762 3463 875 3540 Regis,
907 3479 976 3522 aera
1031 3461 1087 3524 dns
1115 3463 1265 3543 eloquenti
1284 3462 1436 3541 Gregorio.
1459 3465 1490 3522 ln
1512 3462 1635 3522 Genesin
1663 3469 1715 3534 pag.

251 3555 320 3612 666.
343 3553 375 3628 (Α
409 3553 443 3613 C.
467 3553 546 3627 648.)
562 3551 726 3629 subjuncta
748 3553 915 3631 appendice
940 3553 976 3614 de
1030 3557 1098 3618 483.
1111 3556 1249 3618 44444444
1262 3574 1326 3636 pag.
1339 3557 1405 3618 305.
1418 3556 1577 3622 leviticum
1590 3569 1650 3631 pag.
1662 3549 1715 3608 345.

253 3643 415 3716 Vandalis,
437 3659 516 3720 quae
537 3643 644 3703 eadem
669 3643 730 3704 lere
751 3645 864 3722 legitur
885 3648 914 3706 in
941 3647 975 3707 li·
1029 3649 1178 3710 Numeros
1194 3667 1259 3728 pag.
1274 3651 1341 3711 340.
1358 3647 1612 3710 deuteronomium
1626 3661 1650 3721 p.
1662 3638 1716 3701 346.

250 3741 331 3798 mine
352 3737 495 3796 historiae
516 3734 651 3794 4444444444
683 3737 841 3813 Toletani,
874 3745 906 3800 et
937 3737 973 3801 de
1027 3745 1119 3804 iosue
1140 3759 1207 3821 pag.
1228 3741 1296 3803 330.
1319 3741 1455 3802 iudicum
1474 3757 1528 3818 pag
1557 3737 1621 3799 333.
1642 3731 1714 3794 lluth.

249 3828 364 3891 Saevis.
385 3829 411 3904 a)
434 3845 460 3906 p.
483 3826 553 3888 477.
568 3827 679 3888 Prodiit
696 3830 724 3888 in
741 3828 815 3890 libro
837 3832 972 3894 secundo
1027 3853 1093 3915 pag.
1112 3837 1180 3898 336.
1198 3837 1311 3914 Regum
1331 3835 1437 3896 librum
1454 3850 1517 3911 pag.
1535 3830 1597 3893 337,
1616 3830 1650 3890 44.
1664 3841 1717 3904 pag.

220 3923 222 3930 ’
249 3923 387 3984 chronici
410 3923 506 3982 Lucae
529 3919 681 3982 Tudensis
698 3928 769 3982 4444.
791 3924 839 3984 444.
871 3925 975 4004 Hispa·
1027 3929 1094 3991 3444.
1109 3931 1158 4006 441.
1171 3946 1237 4008 pag.
1250 3929 1319 3989 344.
1331 3929 1377 3990 tv.
1394 3945 1458 4007 pag.
1471 3928 1536 3986 345.
1549 3919 1716 3988 4444444444,

249 4019 319 4078 44444-
337 4017 525 4088 illustratae,
548 4021 579 4074 et
602 4015 746 4093 integrior
767 4033 837 4077 cum
860 4015 970 4080 Codice
1024 4021 1109 4083 etde
1129 4021 1319 4083 Mnacodaeis
1336 4039 1401 4102 pag.
1419 4019 1488 4081 347.
1502 4037 1538 4079 44
1563 4015 1656 4078 edidit.
1672 4011 1717 4070 Co

247 4111 312 4170 sive
334 4111 399 4170 xtt.
421 4108 505 4168 libris
526 4109 626 4186 legum
662 4109 897 4187 Wisigotharum
930 4129 968 4172 444
1024 4115 1082 4176 464.
1106 4117 1193 4178 4530.
1215 4118 1243 4176 8.
1266 4110 1628 4194 Expositior‘nnnntinnm
1650 4105 1714 4166 Can·

247 4205 309 4262 ltib.
331 4203 409 4264 Petri
432 4201 568 4275 Pithoei,
591 4203 682 4262 Paris.
710 4203 797 4263 4570.
821 4204 858 4264 444
891 4211 923 4265 44
939 4208 967 4264 in
1026 4207 1157 4268 ticornm
1174 4225 1240 4287 pag.
1259 4211 1330 4269 503.
1347 4209 1454 4269 Totum
1468 4206 1716 4266 4444444444-

247 4296 387 4374 Hispania
410 4295 560 4355 illustrata
577 4292 715 4354 Andreae
733 4297 848 4358 Sohotti
861 4303 883 4357 4.
893 4299 920 4359 3.
939 4315 958 4376 p
1025 4309 1089 4362 tum
1109 4303 1285 4380 simpliciter
1302 4299 1476 4380 exponendo
1493 4295 1664 4377 percurrisse
1673 4289 1716 4348 lsi

246 4387 312 4446 847.
334 4397 365 4448 44
385 4405 456 4449 oum
479 4387 602 4448 scholiis
624 4387 749 4448 Garciae
769 4387 808 4448 dc
842 4391 967 4464 Loaisa‚
1023 4394 1130 4456 dorum
1153 4401 1283 4456 testatur
1304 4395 1475 4474 sigebertus
1494 4407 1555 4468 cap.
1589 4389 1632 4448 55.
1661 4383 1710 4442 lloc

247 4481 368 4540 Taurini
393 4483 529 4542 45934.
550 4487 673 4540 etcum
696 4482 808 4542 Bonav.
832 4483 966 4544 Vulcauii
1023 4488 1172 4566 estquod
1195 4488 1328 4550 isidorus
1351 4491 1413 4566 ipso
1438 4486 1591 4563 mysticam
1612 4474 1715 4554 esposi-

1023 4585 1135 4642 tiouem
1159 4581 1346 4644 traditurus:
1369 4581 1406 4640 lit
1425 4578 1496 4658 qnia
1520 4577 1585 4655 jum
1610 4565 1714 4650 pridem

174 4703 183 4717 '
287 4699 313 4758 a)
331 4701 410 4750 Habet
426 4709 450 4752 et
466 4705 597 4756 Goldostus
627 4709 654 4756 lu
683 4708 849 4770 scriptoribus
884 4722 969 4760 rerum
1015 4674 1115 4754 juxta
1132 4673 1263 4734 mmm
1278 4691 1298 4734 ⁰
1314 4672 1397 4734 ⁷²⁰l'2'3
1413 4666 1713 4774 307m⁰f⁰5¹⁴³⁰⁰mw

222 4777 267 4822 svo
283 4773 399 4824 41444444
410 4779 525 4829 truncat.
541 4779 858 4834 nonantulanensi.
874 4797 932 4847 pag.
945 4785 969 4835 4,
1021 4771 1069 4827 lats
1090 4772 1142 4826 444.
1165 4765 1224 4828 Sed
1247 4768 1328 4830 illum
1353 4766 1438 4827 hodic
1459 4761 1661 4824 desideramus
